2866 4934
147 416 188 476 68
505 427 751 475 roxrrrrcsrs
767 426 999 475 scennnnrr.

194 584 234 646 lit
261 606 323 669 quo
347 581 520 647 redimente
546 584 725 670 percepistis
754 583 874 646 donum
900 596 1078 670 perpetuae
1108 585 1278 663 libertatis,
1299 608 1329 648 eo

149 686 313 771 largiente,
329 702 486 749 consortes
500 686 680 751 efficiemini
695 700 814 751 aeternae
828 686 1034 751 hereditatis.

195 792 236 853 Et
260 791 311 853 cui
339 791 575 855 consurrexistis
601 792 635 854 in
659 791 842 877 baptismate
865 788 1047 869 credend0,
1070 792 1219 880 adjungi
1242 813 1326 857 mere

148 893 248 959 amini
263 893 296 956 in
312 893 426 957 ecelesti
443 894 570 979 regione
585 895 665 957 bene
680 892 825 957 vivendo.
869 894 994 957 Amen.

197 997 287 1077 Quod
304 997 377 1083 ipse.
423 998 540 1060 Amen.
587 996 778 1062 Benedictio.

319 1170 487 1233 Dominicis
502 1170 546 1257 iij.
560 1182 633 1257 post
647 1182 765 1233 octavas
780 1167 907 1232 Pascite.
953 1169 1164 1237 Benedictio.

197 1302 352 1381 Concede,
379 1303 551 1366 misericors
579 1304 674 1382 Deus,
704 1302 779 1366 huie
804 1301 889 1388 plebi
914 1301 1089 1369 salutifere
1117 1306 1248 1371 Paschae
1274 1306 1323 1370 sol·

152 1408 290 1495 lempnia
305 1406 485 1485 celebranti,
502 1430 609 1471 omnes
625 1407 732 1471 ovium
743 1405 857 1468 vellere
871 1404 906 1467 in
918 1418 977 1469 tua
993 1408 1174 1474 voluntate
1189 1409 1322 1497 plantari,

153 1524 185 1575 et
200 1533 319 1597 sperare
335 1509 420 1595 quod
444 1510 502 1574 tibi
518 1510 679 1596 placuerit,
696 1524 727 1574 et
749 1509 915 1595 impetrare
937 1508 1077 1575 sibimet
1096 1514 1190 1599 quod
1204 1524 1323 1601 oportet.

155 1614 273 1677 Amen.

200 1717 245 1780 'l'e
280 1715 379 1779 oculis
408 1714 562 1795 intendet,
594 1718 686 1781 corde
723 1728 836 1793 teneat,
867 1737 945 1777 voce
983 1717 1157 1798 concinat,
1189 1732 1223 1784 et
1254 1718 1325 1783 votis

154 1820 306 1907 requiret:
331 1818 429 1883 evitet
452 1819 537 1904 quod
557 1821 704 1899 vetueris,
725 1820 822 1906 eligat
841 1817 926 1905 quod
946 1816 1099 1901 jusseris,
1124 1823 1325 1910 amplectatur

156 1924 241 2011 quod
256 1922 345 1999 dicis,
362 1922 491 2007 impleat
506 1923 590 2008 quod
604 1925 716 2010 placet.
761 1922 876 1985 Amen.

200 2027 247 2090 Ut
271 2026 305 2088 in
329 2048 366 2087 eo
392 2025 523 2109 mystice
546 2026 671 2112 pietatis
696 2040 767 2090 tuae·
784 2034 977 2088 sacramento
1009 2027 1164 2112 perfecto
1191 2039 1326 2117 prompte

154 2152 246 2194 suum
271 2126 385 2213 diligat
412 2127 527 2207 Deum,
551 2130 606 2214 qui
629 2130 780 2217 sanguine
800 2128 868 2191 fuso
894 2127 1091 2213 prophetico
1115 2156 1206 2198 nova
1231 2144 1327 2197 mente

155 2233 307 2321 intelligit
322 2256 354 2297 sc
369 2231 576 2318 redemptum.
622 2234 738 2297 Amen.

201 2336 379 2421 Quodipse.
426 2336 541 2397 Amen.
588 2335 782 2400 Benedictio.
828 2334 944 2397 Amen.

398 2508 576 2570 Benedictio
592 2511 628 2572 de
636 2509 756 2595 jejunio
772 2507 819 2571 vel
832 2504 1000 2570 Dominico
1016 2510 1082 2597 iiij.

204 2647 411 2733 Omnipotens
431 2645 516 2707 Deus
539 2645 739 2710 devotionem
762 2656 896 2710 vestram
919 2643 1099 2730 dignanter
1122 2650 1284 2731 intendat,
1304 2662 1332 2714 et

157 2778 218 2819 suae
234 2751 322 2817 vobis
336 2748 563 2815 benedictionis
577 2749 659 2813 dona
675 2749 833 2813 concedat.
877 2747 994 2811 Amen.

204 2856 372 2941 ludulgcat
395 2851 483 2916 vobis
506 2852 587 2915 mala
610 2853 716 2916 omnia
739 2877 808 2939 quae
830 2852 977 2939 gessistis,
1001 2865 1037 2916 et
1060 2856 1193 2924 tribuat
1215 2860 1333 2925 veniam

159 2982 252 3045 qumn
268 2959 307 3021 ab
323 2980 360 3020 co
376 2955 549 3042 deposcitis.
596 2955 712 3018 Amen.

205 3060 318 3144 Sicqne
330 3059 445 3142 jejunii
461 3058 556 3122 vestri
571 3071 603 3121 et
618 3082 747 3145 precum
759 3070 832 3122 vota
848 3056 1006 3143 suscipiat,
1018 3072 1089 3125 uta
1101 3064 1201 3130 vobis
1213 3066 1335 3131 adversa

159 3160 266 3226 omnia
281 3184 349 3246 quie
371 3175 568 3245 peecatorum
592 3161 797 3225 retributione
817 3159 984 3224 meremini
1007 3178 1152 3247 avertat,
1170 3181 1205 3234 et
1220 3170 1333 3235 donum

158 3264 193 3327 in
208 3286 263 3325 vos
281 3262 415 3349 Spiritus
433 3264 578 3327 l'araeliti
593 3263 749 3328 infundat.
794 3263 910 3327 Am0n.

206 3366 297 3448 Quod
313 3368 386 3454 ipse.
433 3368 548 3431 Amen.
596 3368 789 3432 Benedictio

531 3556 708 3621 Benedictio
724 3558 757 3620 in
772 3557 952 3641 Repetioee.

207 3694 358 3781 Dignare,
376 3694 523 3770 Domine,
539 3693 665 3757 visitare
680 3693 737 3757 hos
752 3693 884 3757 famulos
902 3690 1004 3755 ethes
1023 3692 1169 3764 famulas
1190 3702 1337 3789 subjectis

160 3797 301 3863 vultibus
315 3796 570 3861 benedictionum
587 3808 711 3859 tuarum
728 3797 809 3860 dona
823 3805 993 3880 poscentes.
1039 3794 1168 3867 Amen.

207 3900 320 3963 Libera
336 3921 387 3962 eos
402 3921 420 3960 a
435 3898 544 3962 diebus
559 3898 658 3976 malis,
675 3911 706 3962 et
727 3899 766 3962 da
782 3899 825 3962 eis
841 3910 981 3985 tempora
1001 3899 1102 3983 pacis,
1120 3919 1156 3970 et
1176 3910 1336 3995 premium

161 4016 274 4067 aeterne
289 4000 511 4065 retributionis.
557 4001 673 4064 Amen.

205 4106 248 4167 Et
263 4104 343 4167 siout
357 4103 482 4166 turbem
498 4102 584 4164 illam
596 4114 701 4166 tecum
716 4105 822 4167 triduo
840 4104 1039 4187 jejunantem
1059 4105 1243 4180 benedicto
1258 4138 1337 4204 pane

159 4205 273 4283 pavisti
291 4206 360 4267 Rex
371 4204 487 4288 gloriae,
500 4204 545 4267 ita
556 4227 639 4267 nune
655 4206 792 4292 digneris
807 4205 932 4270 reficere
947 4207 1029 4270 hane
1045 4209 1180 4295 plebem
1197 4219 1337 4285 laetanio-

162 4328 231 4367 rum
246 4305 428 4391 sollempnia
444 4306 502 4369 tibi
517 4305 622 4368 triduo
638 4307 854 4373 celebrantem.
899 4308 1015 4372 Amen.

207 4403 299 4484 Quod
313 4404 387 4488 ipse.
433 4407 548 4471 Amen.
594 4408 787 4474 Benedictio
834 4412 949 4475 Amen.
