2866 4934
465 394 709 443 ronnrrcnnn
725 392 943 443 ECGBBBHTI.

546 635 737 702 Comccratio
751 658 868 701 moue.

175 750 323 831 Benedic,
341 751 487 834 Domine,
508 767 541 819 et
563 755 721 821 sanctifica
735 757 791 845 bas
805 775 914 818 manus
929 754 1124 822 sacerdotis
1137 758 1194 822 tui
1212 757 1261 822 Ill.
1276 757 1308 821 ad

129 855 351 921 consecrandas
370 856 496 937 hostias,
521 882 590 945 quae
615 882 673 946 pro
696 858 816 925 delictis
836 870 928 944 atque
948 859 1190 948 neglegentiis
1204 861 1306 949 populi

130 957 316 1038 offeruntur,
339 973 372 1025 et
394 960 434 1024 ad
454 976 556 1027 cetera
574 962 787 1026 benedicenda
811 984 878 1047 quae
898 959 939 1023 ad
959 983 1043 1025 usus
1065 965 1195 1051 populi
1210 988 1305 1030 neca

128 1063 207 1129 saria
233 1075 327 1129 aunt:
357 1076 389 1129 et
414 1079 526 1151 presta,
551 1088 738 1151 quaesumus,
765 1079 801 1129 ut
826 1085 1038 1150 quaecumque
1062 1067 1303 1145 benedixerint,

128 1167 362 1247 benedicentur,
394 1182 426 1232 et
455 1192 651 1256 quecumque
690 1167 889 1244 sacraverint,
935 1180 1126 1250 sacrentur,
1165 1171 1305 1236 Salvator

128 1269 253 1349 mundi,
269 1271 324 1358 qui
338 1271 421 1335 vivis
437 1285 469 1335 et
483 1295 603 1359 regnas.

128 1446 257 1510 Facient
272 1466 389 1507 amaeam
403 1453 540 1506 sancum
555 1445 591 1508 de
606 1443 766 1509 chrismata
780 1446 814 1508 ia
828 1442 969 1506 manium
985 1420 1054 1529 ejus
1079 1445 1156 1530 (vel
1172 1447 1300 1532 eoram),

636 1558 664 1611 et
678 1548 773 1612 data:

174 1682 403 1748 Consecrentur
416 1702 527 1746 manus
542 1682 617 1762 ista,
634 1706 809 1769 quaesumus
824 1681 971 1759 Domine,
987 1692 1021 1745 et
1037 1685 1299 1751 sanctificentur:

132 1809 189 1875 per
211 1784 303 1848 istam
328 1796 466 1849 sanctam
492 1786 675 1850 unctionem
701 1799 733 1851 et
756 1800 892 1852 nostram
915 1784 1176 1868 invocationem,
1200 1790 1300 1877 adque

128 1889 270 1957 divinam
299 1886 562 1966 benedictionem,
592 1902 629 1953 ut
659 1890 828 1977 quodquod
857 1887 1096 1969 benedixerint,
1131 1893 1176 1957 sit
1207 1895 1300 1960 bene·

128 1993 260 2070 dictum,
276 2004 309 2055 et
323 1989 492 2078 quodquod
507 1990 778 2071 sanctificaverint,
795 1994 835 2057 sit
850 1988 1093 2056 sanctificatum.
1140 1995 1214 2060 Per.

507 2161 698 2229 Consecratio
714 2167 822 2251 capitio
838 2163 909 2229 oleo.

174 2302 345 2390 Unguatur
367 2315 399 2368 et
421 2315 616 2366 consecretur
640 2315 734 2389 caput
758 2316 849 2366 tuum
873 2300 987 2365 coelesti
1010 2300 1247 2373 benedictione
1266 2309 1300 2373 iu

130 2409 240 2472 ordine
255 2406 448 2483 sacerdotali,
469 2405 503 2470 in
524 2405 652 2468 nomine
674 2405 784 2484 Patris,
809 2419 840 2471 et
864 2403 949 2482 Filii,
966 2416 998 2466 et
1016 2404 1162 2491 Spiritus
1181 2410 1301 2479 Sauofi.
1328 2396 1333 2403 ¹

132 2513 247 2580 Amen.

175 2615 243 2679 Pax
256 2613 325 2678 tibi.

173 2720 267 2808 Reap.
313 2717 444 2785 Etcum
463 2713 582 2807 Spiritu
598 2725 662 2782 tuo.

134 3028 226 3090 ITEM
242 3040 446 3090 ORATIONES
464 3042 510 3088 AD
531 3041 664 3088 MISSAM
686 3040 756 3088 PRO
779 3040 867 3088 1Ps1s
883 3041 923 3087 IN
939 3039 1003 3086 DIE
1019 3039 1298 3096 ORDINATIONIS

433 3144 505 3190 VEL
522 3143 829 3192 CONSECRATIONIS
845 3145 979 3193 EORUM.

177 3334 314 3413 Exaudi,
342 3331 489 3410 Domine,
516 3330 692 3417 supplicum
722 3356 837 3419 preces,
869 3348 901 3398 et
931 3334 1044 3397 devoto
1074 3332 1136 3397 tibi
1163 3351 1296 3422 pectore

133 3436 320 3503 famulantes
334 3448 484 3525 perpetua
499 3433 677 3500 defensione
692 3437 825 3514 custodi,
838 3450 874 3501 ut
889 3437 984 3502 nullis
997 3437 1298 3522 perturbationibus

131 3539 287 3631 impediti,
302 3542 432 3610 liberam
449 3537 632 3604 servitutem
647 3539 709 3603 tuis
724 3538 928 3604 exhibeamus
943 3536 1061 3605 officiis.
1110 3539 1182 3604 Per.

598 3710 699 3796 Super
714 3710 825 3774 oblata.

178 3853 255 3919 Tuis
281 3875 411 3941 semper,
440 3851 576 3915 Domine
603 3872 787 3935 quesumus,
816 3872 942 3935 operare
965 3846 1132 3934 mysteriis,
1160 3862 1200 3915 ut
1225 3852 1295 3920 haec

133 3956 191 4021 tibi
200 3974 336 4022 'munera
350 3955 456 4042 dignis
470 3953 628 4020 mentibus
643 3951 817 4017 offeramus.
864 3951 932 4014 Per.

637 4124 786 4210 Prefotab.

179 4252 263 4319 Vere
286 4255 427 4342 dignum.
475 4255 536 4333 Qui
560 4253 776 4318 rationabilem
797 4265 980 4334 creaturam,
1001 4278 1042 4319 ne
1063 4260 1294 4342 temporalibus

135 4352 241 4417 dedita
256 4354 345 4418 bonis
365 4360 404 4421 ad
424 4356 545 4442 premia
568 4354 755 4438 sempiterna
780 4378 844 4417 non
869 4357 988 4434 tendat,
1005 4381 1040 4421 ea
1056 4355 1292 4443 dispensatione
