2866 4934
177 396 239 454 124
516 408 761 457 Pourrsrcrns
777 411 995 457 accessam.

175 576 271 627 terret
285 563 319 625 in
335 564 480 641 tenebris,
497 564 580 650 quod
597 564 706 628 stridet
721 565 755 628 in
774 564 919 644 flammis,
936 579 1028 651 atque
1043 567 1082 629 ab
1097 565 1209 629 erroris
1224 564 1276 629 via
1292 566 1331 629 ad

173 667 233 730 iter
255 689 395 729 reversus
414 666 554 749 justitiae,
573 690 770 753 nequaquam
793 669 875 732 ultra
889 669 1071 731 vulneribus
1094 667 1261 744 saucietur,
1278 668 1332 731 sed

174 769 333 855 integrum
349 769 389 832 sit
403 769 433 832 ei
447 781 540 854 atque
554 782 741 855 perpetuum
757 770 840 855 quod
855 770 955 856 gratia
969 783 1024 833 tua
1038 770 1183 849 contulit,
1199 783 1232 834 et
1247 770 1332 856 quod

175 871 384 936 misericordia
397 872 588 936 reformavit.
634 872 693 935 Per
708 873 852 936 eundem.

549 1044 656 1108 Oratio
670 1066 763 1130 caper
772 1047 967 1131 penitentem.

218 1181 268 1244 Da
291 1179 392 1256 nobis,
418 1178 565 1256 Domine,
590 1191 627 1241 ut
649 1178 729 1241 sicut
754 1179 915 1266 puplicani
935 1181 1076 1266 precibus
1092 1192 1124 1244 et
1138 1180 1332 1244 confessione

173 1283 313 1370 placatus
327 1305 369 1360 es,
381 1282 425 1345 ita
440 1294 472 1345 et
486 1281 561 1344 huic
577 1280 694 1344 famulo
710 1294 765 1345 tuo
778 1282 827 1346 lll.
839 1283 971 1368 placare,
985 1283 1131 1362 Domine,
1142 1295 1174 1346 et
1184 1284 1331 1370 precibus

174 1389 241 1469 ejus
256 1384 411 1472 benignus
426 1383 536 1469 aspira,
552 1394 589 1445 ut
611 1383 644 1445 in
660 1383 851 1448 confessione
873 1383 972 1449 flebili
991 1399 1181 1471 permaneat,
1198 1399 1231 1449 et
1250 1386 1331 1471 peti·

173 1489 260 1552 tione
274 1499 424 1573 perpetua
438 1484 637 1549 clementiam
652 1496 739 1547 tuam
755 1486 895 1550 celeriter
910 1501 1028 1565 exoret,
1041 1488 1216 1573 sanctisque
1225 1489 1330 1552 altari-

174 1592 232 1655 bus
241 1603 273 1654 et
282 1588 479 1653 sacramentis
490 1587 661 1664 restitutus,
670 1610 775 1651 rursus
786 1589 903 1653 coelesti
914 1591 1021 1677 gloriae
1031 1590 1237 1676 mancipetur.
1271 1592 1331 1656 Per

176 1693 360 1756 Dominum.

217 1795 282 1859 Hic
313 1795 392 1859 bees
423 1817 471 1858 eos
500 1797 536 1859 de
561 1796 739 1881 pavimento
769 1796 816 1859 bic
846 1799 944 1860 verbis
973 1799 1109 1875 dicende,
1140 1810 1330 1884 cunctaeque

174 1900 325 1986 antifona.

218 2001 296 2066 Ant.
320 2001 406 2066 Vivo
421 2024 491 2088 ege,
508 2001 585 2065 dicit
601 2001 765 2080 Dominus,
790 2003 863 2066 nolo
887 2016 1019 2066 mortem
1039 2013 1251 2086 peccatorum,
1275 2002 1330 2066 sed

173 2118 211 2169 ut
224 2104 324 2190 magis
339 2116 539 2168 convertatur
554 2116 585 2169 et
599 2105 695 2168 vivat.

215 2207 370 2271 Paetinae.
394 2206 541 2271 Miserere
555 2208 619 2271 mei
635 2207 729 2271 Deus

217 2309 420 2374 Absolvimus
442 2333 497 2373 vos
519 2309 588 2373 vice
619 2310 704 2374 beati
738 2309 823 2373 Petri
855 2308 1064 2396 apostolorum
1091 2309 1252 2396 principis,
1274 2312 1328 2374 cui

174 2412 329 2476 Dominus
351 2423 536 2497 potestatem
561 2411 683 2497 ligandi
705 2423 798 2496 atque
818 2410 959 2474 solvendi
979 2411 1080 2474 dedit:
1104 2411 1158 2474 sed
1173 2426 1327 2497 quantum

172 2514 213 2578 ad
235 2537 291 2576 vos
312 2513 449 2599 pertinet
472 2514 636 2592 accusatis,
658 2527 690 2578 et
714 2514 754 2577 ad
777 2537 833 2577 nos
854 2514 990 2599 pertinet
1010 2515 1158 2593 remissie,
1180 2516 1221 2579 sit
1242 2517 1329 2582 Deus

175 2616 380 2703 Omnipotens
400 2618 466 2680 vita
490 2630 522 2681 et
544 2619 625 2681 salus
640 2617 784 2681 omnibus
799 2617 933 2704 peccatis
948 2618 1057 2681 vestris
1071 2618 1220 2682 indultor.
1268 2621 1329 2686 Per

172 2744 256 2798 eum,
273 2721 327 2806 qui
342 2744 415 2784 cum
430 2743 466 2784 eo
481 2720 571 2784 vivit.
617 2721 732 2783 Amen.
893 2717 895 2722 ’

215 2823 351 2888 Domine
366 2823 480 2902 sancte,
499 2824 590 2888 Pater
608 2822 823 2908 Omnipotens,
839 2834 952 2886 aeterne
968 2822 1063 2901 Deus,
1080 2823 1135 2908 qui
1149 2847 1205 2909 per
1215 2824 1238 2889 J
1239 2848 1327 2889 esum

174 2927 333 2992 Christum
357 2928 476 2991 Filium
490 2939 581 2990 tuum
599 2927 771 2990 Dominum
786 2938 938 3004 nostrum,
954 2927 1084 2989 vulnera
1099 2939 1203 2991 nostra
1218 2952 1327 2994 curare

173 3029 320 3114 dignatus
335 3052 381 3105 es;
404 3040 435 3091 te
445 3028 598 3114 supplices
609 3052 755 3114 rogamus
764 3041 795 3092 et
804 3027 939 3114 petimus
951 3052 1007 3092 nos
1021 3029 1155 3093 humiles
1166 3030 1214 3093 tui
1229 3055 1327 3096 sacer·

173 3131 271 3206 doteS,
295 3141 332 3191 ut
354 3129 498 3214 precibus
521 3130 633 3193 nostris
655 3152 761 3192 aurem
785 3142 847 3193 tuac
870 3130 995 3216 pietatis
1010 3131 1159 3196 inclinare
1175 3133 1325 3219 digneris,

172 3245 265 3318 atque
291 3231 332 3294 ad
353 3230 533 3316 poenitentis
557 3230 779 3297 confessionem
806 3234 969 3313 movearis,
993 3235 1192 3321 remittasque
1219 3239 1326 3302 omnia

171 3332 302 3397 crimina
324 3345 356 3397 et
376 3344 501 3419 peccata
524 3332 669 3396 universa
692 3334 857 3412 condones,
883 3335 997 3422 desque
1021 3336 1096 3400 huic
1117 3336 1235 3400 famulo
1257 3351 1325 3418 tuo,

171 3437 318 3515 Domine,
336 3437 379 3502 N.
389 3460 446 3523 pro
461 3436 620 3523 suppliciis
635 3436 771 3516 veniam,
787 3462 844 3523 pro
860 3444 979 3502 merore
994 3440 1145 3517 laetitiam,
1156 3464 1213 3526 pro
1224 3456 1326 3506 morte

170 3541 280 3619 vitam,
302 3552 339 3603 ut
362 3539 417 3626 qui
443 3540 481 3603 ad
504 3552 624 3603 tantam
640 3563 725 3625 spem
741 3540 859 3604 celestis
874 3540 970 3625 apicis
986 3542 1151 3613 devolutus
1166 3555 1222 3621 est,
1239 3557 1271 3608 et
1287 3545 1327 3609 dc

170 3656 224 3707 tua
247 3642 458 3707 misericordia
482 3642 651 3719 confidens,
673 3642 713 3705 ad
735 3642 817 3705 bona
838 3641 922 3726 pacis
943 3643 1056 3727 premii
1078 3645 1137 3722 tui,
1161 3638 1263 3732 adque
1286 3649 1327 3711 ad

171 3747 305 3811 coelestia
319 3744 481 3833 pervenire
497 3759 662 3822 mereatur,
679 3743 765 3807 etad
780 3742 878 3805 vitam
893 3756 1049 3810 aeternam.
1096 3745 1211 3810 Amen.

454 3917 590 3980 Onrrm
606 3935 655 3979 so
671 3933 818 3980 rcnrnu
834 3932 1044 3979 rauranum.

214 4053 273 4132 Da,
291 4055 437 4131 Domine,
454 4053 571 4117 famulo
595 4067 650 4117 tuo
676 4053 736 4131 Ill,
753 4064 872 4137 sperata
888 4050 1035 4136 suffragia
1050 4054 1201 4134 obtinere,
1218 4071 1254 4120 ut
1270 4061 1324 4144 qui

170 4164 239 4217 tuos
260 4180 410 4242 pauperes
434 4157 484 4219 vel
509 4169 576 4219 tuas
598 4156 747 4219 aecclesias
770 4152 967 4229 memoravit,
984 4167 1158 4219 sanctorum
1181 4160 1324 4223 omnium

171 4254 263 4317 simul
289 4272 320 4321 et
343 4259 427 4322 beati
449 4259 593 4343 martyris
618 4259 666 4322 tui
692 4256 855 4320 Laurentii
880 4271 1035 4321 mereatur
1054 4261 1218 4339 consortia,
1235 4265 1326 4347 cujus

170 4377 254 4417 nunc
270 4370 315 4420 est
330 4360 473 4445 exempla
489 4370 619 4422 secutus
666 4360 734 4420 Per.
