2866 4934
499 410 603 458 urssa
618 413 668 457 an
684 412 897 459 narramus.
1230 398 1288 457 121

134 561 309 627 incircuitu
326 566 399 651 ejus.
444 565 491 629 Et
512 567 565 630 illc
585 569 728 654 pontific
753 569 850 632 tribas
876 568 989 632 vicibus
1015 569 1141 652 sufflans
1167 569 1201 633 ia
1226 591 1291 630 am·

130 665 241 750 palam
270 678 398 752 tangens
428 691 486 731 aaa
515 693 621 747 meaa,
654 672 728 733 dicit
757 693 871 755 magna
904 693 991 734 voce:
1029 669 1157 734 Sursum
1188 670 1290 733 corda.

136 767 293 832 Habemus
316 769 357 832 ad
383 770 566 834 Dominum.
614 772 734 836 Gratias
760 795 889 859 agamus
917 773 1055 838 Domino
1082 774 1149 837 Deo
1174 786 1289 837 nostro.

134 869 308 957 Respondet
317 873 468 960 popalus,
486 874 638 962 Dignum.
685 874 732 939 Et
745 877 893 939 sacerdos.

430 1047 605 1112 Benedictio
621 1048 793 1111 rheumatis
802 1050 1000 1136 principalia.

178 1180 261 1247 Vere
275 1183 420 1268 dignum.
467 1183 529 1262 Qui
543 1183 577 1246 in
588 1183 743 1269 principie
755 1184 837 1247 inter
847 1198 949 1248 cetera
960 1184 1109 1248 bonitatis
1121 1198 1153 1249 et
1163 1186 1288 1272 pictatis

135 1294 194 1347 tuae
218 1308 349 1348 munera
372 1296 486 1348 terram
500 1286 672 1371 producere
693 1286 851 1349 fructifera
866 1286 952 1373 ligna
972 1287 1101 1370 jussisti,
1124 1288 1205 1352 inter
1222 1314 1290 1375 quac

136 1384 228 1469 hujus
263 1386 464 1474 pinguissimi
501 1387 630 1474 liquoris
659 1388 795 1452 ministri
825 1389 899 1454 olcae
929 1403 1127 1454 nascerentur
1156 1415 1289 1477 quarum

136 1486 252 1552 fructus
281 1513 367 1553 sacre
394 1490 559 1555 chrismate
589 1493 781 1570 deserviret3
805 1517 878 1556 nam
909 1507 941 1557 et
967 1492 1073 1556 David
1106 1494 1289 1579 prophetico

108 1588 115 1599 ’
136 1591 245 1676 spiritu
267 1593 375 1680 gratiae
399 1607 460 1657 tuae
487 1609 677 1660 sacramenta
702 1621 889 1683 prenoscens
910 1598 1016 1661 vultus
1037 1609 1157 1661 nostros
1172 1598 1205 1660 in
1221 1600 1289 1663 oleo

136 1693 354 1758 exhilarandos
368 1718 432 1758 esse
447 1697 595 1774 cantavit,
606 1711 638 1760 et
653 1722 724 1761 cum
734 1700 846 1763 mundi
858 1701 988 1763 crimina
999 1700 1119 1763 diluvio
1132 1701 1289 1786 quondam

136 1798 346 1884 expiarentur,
363 1799 460 1863 effusa
469 1800 707 1864 similitudinem
729 1802 827 1865 futuri
848 1803 987 1867 muneris
1002 1803 1146 1866 columba
1162 1805 1289 1868 demon·

136 1911 233 1965 strans
247 1926 303 1988 per
318 1902 401 1966 olive
416 1927 538 1966 ramum
554 1928 661 1990 pacem
683 1905 771 1968 terris
786 1907 940 1970 redditam
961 1905 1131 1983 nuntiavit,
1148 1907 1233 1991 quod
1254 1908 1288 1971 in

133 2005 308 2069 novissimis
330 2007 522 2092 temporibus
544 2007 716 2072 manifestis
740 2021 785 2072 cst
810 2009 971 2073 effectibus
996 2008 1198 2087 declaratum,
1215 2033 1288 2073 cum

134 2107 328 2192 baptismatis
357 2109 445 2194 aquis
469 2110 611 2173 omnium
641 2111 808 2174 criminum
835 2112 997 2175 commissa
1024 2111 1199 2175 delentibus
1223 2112 1288 2177 haee

135 2208 196 2272 olei
209 2211 326 2274 uncxio
341 2213 447 2275 vultus
462 2225 582 2277 nostros
592 2214 749 2298 jucundos
764 2214 878 2278 efficiat
893 2238 928 2277 ac
943 2235 1085 2288 serenos;
1109 2212 1183 2276 inde
1194 2216 1288 2277 etiam

136 2310 239 2398 Moysi
253 2313 370 2378 famulo
385 2327 441 2379 tuo
456 2317 640 2380 mandatum
652 2316 776 2394 dedisti,
786 2327 822 2379 ut
832 2317 940 2380 Aaron
955 2315 1081 2377 fratrem
1096 2337 1187 2377 suum
1202 2317 1289 2401 prius

134 2437 213 2500 aqua
241 2417 341 2480 lotum
366 2441 421 2503 per
447 2417 635 2482 infusionem
662 2419 756 2503 hujus
782 2419 938 2506 unguenti
965 2416 1167 2481 constitueret
1191 2441 1288 2482 sacer-

136 2519 249 2583 dotem.
295 2520 436 2584 Accessit
457 2521 496 2584 ad
519 2521 579 2585 hoc
603 2523 735 2608 amplior
758 2521 859 2585 honor
883 2545 955 2585 eum
983 2521 1084 2584 Filius
1107 2537 1180 2585 tuus
1196 2522 1289 2586 Jesus

137 2621 278 2687 Christus
309 2622 463 2686 Dominus
499 2636 603 2687 noster
633 2624 731 2687 lavari
760 2648 778 2686 a
809 2624 956 2689 iohanne
985 2623 1079 2686 undis
1110 2624 1289 2688 Jordanicis

137 2725 292 2811 exigisset,
317 2739 354 2789 ut
380 2725 500 2811 Spiritu
528 2725 642 2789 Sancto
665 2726 699 2788 in
726 2726 869 2789 columbe
893 2725 1132 2789 similitudinem
1157 2727 1289 2812 desuper

136 2827 238 2906 misso,
257 2827 469 2914 Unigenitum
492 2841 583 2892 tuum
606 2828 640 2892 in
655 2853 717 2915 quo
741 2829 801 2892 tibi
817 2830 934 2915 optime
949 2827 1185 2914 complacuisses
1203 2831 1288 2892 testi-

136 2931 241 2994 monio
263 2931 476 3017 subsequentis
496 2931 581 2994 vocis
605 2931 792 3008 ostenderes,
814 2945 845 2994 et
868 2931 929 2994 hoc
953 2931 1033 2994 illud
1058 2954 1121 2994 esse
1145 2931 1289 2994 manifes-

136 3032 252 3097 tissime
272 3033 496 3118 comprobares,
514 3032 597 3118 quod
613 3056 685 3096 cum
701 3033 769 3095 oleo
784 3032 898 3096 laetitiae
919 3056 983 3118 prae
1009 3032 1201 3096 consortibus
1227 3033 1290 3097 suis

136 3137 340 3222 unguendum
364 3136 468 3199 David
487 3135 639 3222 propheta
662 3134 831 3200 cecinisset.
878 3135 934 3213 Te,
950 3135 1059 3220 igitur,
1076 3135 1289 3221 deprecamur,

138 3237 272 3303 Domine
299 3251 413 3316 sancte,
443 3239 534 3303 Pater
563 3238 779 3325 Omnipotens,
806 3252 919 3304 aeterne
944 3240 1040 3319 Deus,
1071 3265 1127 3327 per
1153 3242 1288 3305 eundem

138 3340 247 3405 ‹Jesum
279 3341 438 3407 Christum
470 3342 589 3405 Filium
620 3355 709 3405 tuum
746 3342 918 3405 Dominum
948 3355 1099 3420 nostrum,
1130 3355 1167 3406 ut
1195 3342 1303 3426 hujus'

137 3456 275 3507 creature
297 3444 524 3530 pinguedinem
547 3444 738 3508 sanctificare
762 3459 816 3508 tua
841 3444 1058 3508 benedictione
1081 3445 1229 3530 digneris,
1254 3461 1290 3509 ut

141 3547 245 3611 Sancti
267 3548 401 3634 Spiritus
417 3549 446 3612 ei
461 3547 630 3613 admiscere
645 3545 795 3609 virtutem
812 3559 995 3632 cooperante
1010 3546 1151 3631 potentia
1173 3547 1290 3611 Christi

137 3650 195 3728 tui,
211 3674 229 3714 a
244 3651 333 3734 cujus
348 3664 454 3714 sancto
476 3650 604 3714 nomine
627 3647 761 3711 chrisma
786 3671 901 3710 nomen
917 3648 1045 3733 accepit,
1061 3647 1146 3710 unde
1169 3648 1291 3711 unxisti

136 3755 317 3832 sacerdotes,
345 3777 443 3840 reges,
468 3752 635 3839 prophetas
659 3763 691 3813 et
713 3764 874 3836 martyres,
901 3762 938 3813 ut
967 3750 1007 3813 sit
1036 3749 1085 3812 his
1111 3750 1166 3834 qui
1189 3751 1291 3813 renati

137 3855 252 3921 fuerint
267 3881 308 3921 ex
323 3881 403 3942 aqua
418 3870 449 3921 et
475 3856 595 3942 Spiritu
620 3854 733 3918 Sancto
755 3854 888 3916 chrisma
914 3852 1030 3930 salutis,
1043 3873 1156 3936 eosque
1177 3864 1291 3916 aeterne

136 3959 209 4022 vitae
222 3960 389 4045 participes
405 3971 436 4022 et
452 3959 583 4022 coelestis
598 3957 704 4044 gloriae
720 3955 812 4020 facias
828 3979 891 4019 esse
907 3966 1070 4018 consortes.
1118 3953 1185 4017 Per.

181 4064 226 4125 Et
235 4063 377 4148 pontific
392 4064 494 4146 riphat
516 4064 549 4124 ia
575 4062 700 4124 modam
715 4060 812 4121 crocis
837 4061 932 4122 tribas
948 4059 1061 4121 vicibus
1077 4079 1144 4119 cant
1165 4058 1289 4142 pollice,

137 4174 166 4224 et
179 4165 316 4248 insufflat
329 4164 440 4225 iterum
453 4165 549 4226 tribas
565 4163 688 4237 vicibus,
700 4183 768 4223 cam
779 4160 878 4223 tatia
892 4161 995 4243 cipaot
1003 4160 1037 4220 ia
1047 4158 1143 4219 tracis
1154 4160 1289 4222 modam.

137 4266 184 4328 Et
197 4267 397 4328 subdiaconus
419 4267 584 4350 suscipiens
603 4267 639 4326 de
662 4285 757 4332 meaa
781 4260 989 4324 archidiaconi
1005 4266 1115 4342 portet
1130 4259 1242 4320 cunctis
1258 4262 1291 4323 ia

133 4369 313 4451 presbiterio
339 4368 488 4429 stantibus
513 4370 556 4430 od
581 4365 791 4429 osculandam.
836 4362 929 4424 Alter
945 4383 1014 4423 acro
1030 4360 1199 4422 cardinalis
1224 4363 1291 4425 dio-
