2866 4934
131 392 191 451 104
472 399 958 450 ronmmosnssoennnnrl.

128 559 274 623 felicitate
290 580 448 636 conserva,
460 571 493 622 et
506 558 707 644 ubicumque,
723 556 772 619 vel
787 577 844 641 pro
859 554 1131 641 quibuscumque
1145 552 1289 619 auxilium

128 675 218 724 tuum
234 661 438 739 invocaverit,
450 662 513 725 cite
527 661 619 740 adsis,
635 675 787 747 protegas,
802 670 835 723 et
849 657 1019 723 defendas.
1070 659 1144 724 Per.

177 766 282 850 Offert.
307 763 433 828 Exaudi
449 764 534 828 Deus
548 764 718 828 orationem
735 784 846 827 meam.

594 938 696 1023 Super
710 934 819 999 oblate.

177 1075 315 1162 Suscipe,
333 1074 480 1154 Domine,
504 1097 610 1161 preees
635 1088 668 1140 et
692 1095 821 1138 munere
843 1071 994 1136 eoelesiae
1020 1084 1090 1137 tues
1116 1096 1177 1160 pre
1202 1072 1291 1136 salute

132 1179 240 1242 famuli
265 1178 312 1242 tui
338 1178 378 1241 N.
404 1178 617 1266 supplicantis,
647 1192 679 1242 et
704 1176 895 1266 protectione
925 1174 1078 1240 fidelium
1109 1177 1292 1264 populorum

132 1282 259 1368 antiqua
274 1280 394 1346 brachii
408 1283 456 1345 tui
472 1304 598 1368 operare
612 1280 772 1357 miracula,
787 1291 823 1343 ut
844 1278 1001 1364 superatis
1021 1279 1180 1359 inimicis,
1196 1303 1293 1345 secura

132 1385 191 1449 tibi
206 1386 319 1450 serviat
335 1384 511 1448 Christiana
526 1383 661 1448 libertas.
707 1383 776 1448 Per.

631 1554 781 1641 Prefatie.

177 1692 261 1756 Vere
287 1691 430 1777 dignum.
480 1692 612 1756 AEterne
643 1691 739 1769 Deus,
765 1691 820 1777 qui
844 1689 1050 1775 previdentia
1079 1702 1140 1756 tua
1167 1690 1297 1757 eoelestie

132 1795 226 1858 simul
250 1807 282 1858 et
306 1806 429 1858 terrena
452 1794 633 1870 moderaris,
656 1794 825 1881 propitiare
851 1792 918 1878 regi
943 1805 1055 1857 nostre
1085 1795 1131 1859 N.
1154 1808 1190 1861 et
1211 1797 1297 1861 rebus

133 1898 254 1976 nostris,
271 1911 307 1961 ut
322 1897 424 1960 omnis
447 1897 585 1962 hostium
610 1897 771 1974 fortitude,
788 1909 819 1961 te
832 1919 888 1982 pre
911 1895 1004 1958 nobis
1019 1911 1205 1984 pugnante,
1222 1899 1299 1963 fran-

133 2015 234 2088 getur.
281 2001 349 2064 Per.

616 2174 804 2260 Conjunetio.

179 2311 270 2375 Hane
296 2307 396 2396 igitur
423 2309 624 2388 oblationem,
642 2311 787 2387 Domine,
804 2308 913 2374 famuli
938 2308 986 2371 tui
1012 2308 1056 2372 N.
1072 2311 1166 2396 qued
1191 2314 1251 2379 tibi
1269 2313 1301 2376 in

134 2415 272 2480 misterio
288 2410 385 2478 officii
409 2413 606 2478 sacerdotalis
632 2414 801 2492 efferimus,
818 2436 874 2500 pre
900 2411 1038 2496 eoquod
1064 2412 1100 2476 in
1127 2415 1236 2501 ipsum
1250 2441 1301 2504 pe·

134 2530 276 2582 testatem
293 2514 383 2601 regni
399 2515 537 2579 conferre
550 2516 697 2602 dignatus
712 2540 755 2594 es,
767 2514 920 2602 propitius
934 2527 967 2577 et
981 2514 1146 2602 benignus
1161 2519 1301 2598 adsume,

135 2637 167 2686 et
187 2634 331 2685 exoratus
357 2630 462 2683 nostra
489 2620 698 2683 obsecratione
722 2619 868 2697 cencede,
891 2630 928 2681 ut
948 2618 1126 2701 majestatis
1150 2635 1215 2687 tuae
1235 2649 1303 2711 pre·

135 2726 270 2790 tectione
295 2718 466 2801 confidens,
491 2735 522 2787 et
545 2747 612 2786 aevo
632 2734 795 2809 augeatur,
822 2735 854 2786 et
877 2744 983 2808 regne.
1031 2722 1095 2787 Per
1121 2725 1301 2806 Christum,

136 2830 262 2917 diesque
277 2842 407 2894 nestros.

620 2998 809 3062 Communie.

184 3139 344 3201 inlumina
360 3139 471 3203 faeiem
488 3154 584 3204 tuam.

549 3312 625 3376 Post
639 3311 887 3375 communionem.

185 3444 280 3520 Deus,
306 3442 361 3528 qui
384 3443 424 3506 ad
447 3445 671 3529 predicandum
697 3443 804 3506 aeterni
832 3443 921 3528 regni
947 3444 1152 3530 evangelium
1170 3450 1307 3517 Christi·

141 3571 235 3610 anum
251 3546 416 3633 imperium
434 3548 613 3634 preparasti,
625 3547 774 3634 pretende
791 3545 914 3608 famulis
929 3546 992 3609 tuis
1003 3570 1089 3612 nune
1104 3551 1309 3640 principibus

142 3653 252 3715 nostris
267 3675 351 3715 arma
367 3651 497 3734 justitiae
517 3652 661 3727 eoelestia,
685 3661 722 3713 ut
736 3673 800 3735 pax
820 3648 1027 3712 ecclesiarum
1050 3652 1141 3717 nulla
1157 3659 1312 3724 turbetur-

143 3767 324 3839 tempestate
338 3753 501 3817 bellorum.
548 3755 616 3818 Per.

606 3926 664 3989 Ad
671 3925 835 4010 populum.

188 4055 393 4141 Omnipotens
408 4053 594 4138 sempiterne
607 4057 702 4132 Deus,
715 4055 813 4119 nostri
828 4054 918 4139 regni
934 4055 1066 4122 defende
1081 4082 1193 4147 regem
1210 4080 1309 4155 atque

144 4166 284 4233 reeteres,
301 4168 337 4219 ut
351 4156 385 4217 in
400 4167 455 4217 tua
470 4155 598 4221 dextera
614 4156 814 4236 confidentes,
831 4157 908 4220 fiant
922 4157 1063 4223 hostibus
1079 4163 1143 4226 suis
1158 4167 1310 4236 fortiores

144 4252 303 4318 universis.
350 4257 409 4318 Per
425 4255 608 4321 Dominum.
