2866 4934
464 410 704 457 t'rrx'rtr'tt'nln:
720 408 955 455 Eccnmfflrl.

554 566 728 628 Benedictio
742 564 849 650 Regia.

171 682 377 767 (lurniprtcns
394 686 479 750 licus
494 687 548 771 qui
564 700 595 749 tc
609 685 648 748 ad
674 683 849 769 regendum
878 684 1053 770 populum
1079 698 1210 771 paterne
1229 682 1288 746 sedis

128 788 204 851 solio
225 785 378 871 ‹lislursuit
405 790 571 853 sublimare
595 786 845 864 misericorditer,
871 811 940 850 suae
967 789 1147 853 servitutis
1167 786 1288 872 obsequio

127 893 274 977 dignetur
290 892 498 969 currolmrare,
514 893 665 977 denisque
680 890 856 953 celestibus
873 890 1093 977 locupletari.
1144 895 1250 955 Arnen.

173 993 335 1057 Accendat
366 995 398 1056 iu
430 1010 460 1058 tc
491 998 594 1081 ignem
626 994 753 1080 perfecti
783 993 1009 1079 sophismatis,
1045 1009 1083 1060 et
1112 995 1289 1083 flagrantiam

128 1098 253 1185 gemine
278 1097 425 1174 caritatis,
445 1099 559 1183 quibus
583 1098 728 1161 nobiliter
751 1097 939 1175 instructus,
959 1111 996 1162 et
1024 1101 1128 1185 regni
1153 1099 1291 1186 fastigium

128 1200 278 1287 nugaciter
309 1200 412 1263 valcas
442 1202 583 1279 cultu-ure,
614 1215 645 1263 et
674 1199 810 1263 hostium
837 1200 952 1283 jacula
986 1203 1233 1291 triumphaliter
1253 1201 1290 1263 de

129 1306 272 1391 sriugcrc.
319 1304 433 1365 Amen.

174 1408 327 1489 Qumirms
345 1406 421 1469 (loni
444 1407 574 1471 celestis
597 1429 724 1469 numere
740 1404 868 1482 ditatus,
883 1408 1054 1491 presentis
1069 1411 1136 1472 aevi
1160 1407 1293 1474 curricula

128 1513 279 1599 gloriosus
295 1510 439 1588 deducas,
455 1526 549 1596 atque
563 1509 709 1573 mandata
724 1531 806 1571 saere
821 1508 902 1595 legis
919 1508 1072 1575 fideliter
1088 1526 1210 1591 teneas,
1221 1524 1253 1576 ut
1263 1510 1293 1573 ad

131 1616 301 1691 Christum,
318 1613 371 1698 qui
388 1614 450 1690 riu,
467 1614 580 1677 ueritus
595 1625 627 1675 et
642 1612 706 1675 vita
722 1624 778 1688 est,
794 1610 931 1675 feliciter
946 1617 1132 1699 pervenire
1149 1618 1254 1681 valeas.

175 1718 264 1797 Quod
282 1717 354 1801 ipse.
402 1718 517 1779 Arnen.
608 1715 800 1778 Benedictio.
847 1714 970 1779 Arnen.

460 1891 637 1953 Benedictio
652 1911 743 1973 aripret·
758 1889 962 1974 Episcopum.

176 2010 333 2095 Respiciet
355 2022 385 2070 te
412 2009 577 2086 llomiums,
596 2022 629 2071 et
649 2008 812 2072 benedicat
838 2007 1069 2095 episcopatum
1086 2027 1186 2078 tuum
1203 2016 1259 2093 lll,
1272 2028 1297 2077 et

132 2114 295 2177 coulirmet-
311 2112 344 2173 in
361 2109 492 2189 unitate,
509 2112 662 2175 custodiat
678 2111 782 2197 quiete
804 2111 838 2173 in
856 2109 931 2188 fide,
949 2113 1096 2197 adjuvet
1111 2132 1146 2182 te
1162 2120 1197 2182 in
1212 2133 1297 2203 temp·

132 2218 260 2292 tatione,
277 2214 407 2299 castiget
423 2228 453 2277 tc
471 2216 503 2278 in
519 2217 767 2279 conuersatione:
790 2237 844 2278 vos
859 2214 893 2276 in
909 2215 1113 2286 infirmitate
1130 2226 1258 2302 relevet,
1272 2224 1299 2286 in

131 2321 289 2384 arrxietate
306 2318 443 2393 letificet,
456 2318 490 2380 in
505 2318 707 2404 prosperitate
720 2329 880 2404 temperet,
892 2318 933 2381 ab
947 2318 1136 2408 iniquitate
1152 2329 1299 2403 emendet,

132 2426 166 2487 in
182 2423 406 2507 tranquillitate
422 2422 576 2484 sublimet.
623 2423 737 2484 Amen.

179 2526 329 2589 lnt'undat
361 2526 515 2588 Dominus
541 2524 790 2588 benedictionem
817 2523 991 2608 spiritalem
1025 2552 1131 2617 super
1156 2537 1301 2621 populum

133 2644 234 2709 tuum,
251 2630 413 2715 indulgeat
437 2628 524 2691 vobis
547 2628 651 2690 onmia
674 2628 787 2691 delicta
813 2626 996 2706 criminum,
1014 2645 1050 2694 et
1076 2637 1207 2701 tribuat
1225 2637 1305 2702 vobis

133 2735 257 2799 veniam
273 2734 413 2797 omnium
431 2745 636 2817 peccatorum.
684 2732 798 2794 Amen.

180 2839 271 2918 Qucul
286 2838 359 2923 ipse.
406 2835 519 2898 Amen.
610 2834 802 2897 Benedictio.

471 3007 646 3071 Benedictio
661 3031 753 3092 suuper
769 3008 951 3072 Sacerdotes.

181 3145 276 3221 Deus,
289 3145 343 3228 qui
356 3156 425 3229 post
439 3144 529 3206 illum
545 3142 677 3228 gloriose
693 3141 924 3207 resurrectionis
938 3164 1123 3227 ascensum,
1142 3176 1308 3242 nunquam

137 3246 241 3309 deesse
266 3246 328 3308 tuis
355 3246 526 3309 cultoribus
549 3243 728 3331 promisisti,
754 3245 867 3332 largire
890 3243 940 3306 his
969 3251 1200 3321 sacerdotibus
1225 3259 1309 3322 illam

137 3347 268 3435 gratiam
285 3373 345 3433 qna
360 3349 422 3410 sint
436 3349 566 3434 perlecti
581 3346 745 3432 regimine,
761 3347 916 3411 ferventes
930 3347 965 3409 in
981 3360 1037 3412 tua
1055 3357 1207 3424 caritate,

184 3451 318 3537 Indulge
333 3475 440 3515 eorum
456 3453 599 3538 precibus
614 3448 738 3535 populis
749 3451 884 3528 reniam,
901 3450 956 3535 qui
970 3473 1024 3514 eos
1040 3478 1229 3528 convocare
1248 3489 1310 3529 non

138 3555 316 3642 dedignaris
332 3555 371 3617 ad
387 3578 541 3616 coronam.

183 3659 332 3744 Dignare,
349 3657 496 3734 Domine,
513 3680 564 3719 eos
582 3654 704 3719 erudire
720 3655 833 3718 sanetis
848 3655 1060 3742 dogmatibus,
1073 3675 1109 3726 et
1125 3669 1312 3757 multiplica

139 3760 172 3821 in
188 3759 332 3846 operibus
347 3781 454 3820 eorum
465 3759 595 3841 justitiae
610 3758 737 3820 fructus.
784 3757 899 3822 Amen.

184 3862 231 3924 Ut
252 3874 410 3946 pastorum
434 3884 507 3923 cura
533 3861 616 3923 uniti
640 3857 775 3922 evadant
801 3861 953 3946 supplicia
979 3865 1104 3943 tartari,
1123 3884 1158 3934 et
1175 3876 1314 3964 adipisci

139 3976 316 4026 mereantur
330 3962 420 4047 regni
435 3963 565 4046 gloriam
582 3960 773 4046 sempiterni.

185 4063 247 4124 Det
269 4062 358 4124 vobis
383 4062 536 4124 Dominus
559 4062 699 4126 laetitiam
726 4063 956 4145 sempiternam,
981 4076 1018 4126 ut
1044 4066 1079 4129 in
1109 4073 1167 4138 die
1192 4080 1316 4162 judicii

140 4160 305 4224 innumero
325 4163 493 4224 electorum
513 4164 656 4225 iuvenire
675 4163 858 4226 mereamini
878 4166 1177 4242 immarcescibilem
1202 4185 1317 4268 gloriae

142 4281 294 4321 coronam.

188 4358 279 4432 Quod
294 4359 368 4440 ipse.
414 4361 528 4426 Amen.
619 4360 813 4425 Benedictio.
861 4368 975 4430 Amen.
