2866 4934
479 423 724 471 Ponrrmcm:
739 422 959 470 ncossnnnrt.

629 718 711 781 Item
726 716 799 781 clio.

185 865 335 952 Dignam,
364 865 500 931 Domine
517 869 603 933 Deus
623 884 740 947 noster,
763 867 891 933 calicem
911 864 1015 929 istum
1037 866 1077 932 in
1092 890 1197 933 usum
1212 866 1309 933 minis

140 966 212 1030 terii
228 967 276 1030 tui
300 967 352 1053 pia
378 967 546 1033 devotione
570 970 738 1035 formatum
764 994 800 1035 ea
825 967 1082 1034 sanctificatione
1111 972 1307 1059 perfundere,
1382 994 1386 1001 ·

141 1070 215 1157 quia
230 1070 460 1135 Melchisedech
476 1072 585 1136 famuli
598 1073 646 1137 tui
661 1086 814 1137 sacratum
826 1071 954 1135 calicem
970 1073 1167 1158 perfudisti,
1184 1086 1218 1140 et
1233 1075 1307 1162 quod

140 1187 214 1238 ente
228 1174 280 1238 vel
295 1175 422 1238 metallo
433 1176 515 1240 effici
530 1199 594 1239 non
608 1189 720 1262 potest,
736 1175 884 1239 altaribus
905 1174 972 1237 tuis
994 1174 1146 1263 dignum
1169 1177 1238 1257 fiet,
1259 1191 1306 1243 tus

140 1278 357 1343 benedictione
373 1279 543 1365 pretiosum
559 1291 652 1365 atque
667 1276 903 1343 sanctificatum.
950 1277 1021 1340 Per.

548 1468 691 1554 Prefotio
706 1467 887 1530 obrirmolie.

186 1634 329 1711 Omnes,
346 1634 539 1697 dilectissimi
556 1648 587 1699 et
602 1636 711 1701 fratres
726 1635 892 1714 karissimi,
915 1648 953 1701 ut
978 1635 1068 1700 Deus
1093 1638 1303 1727 Omnipotens

142 1737 202 1801 hoc
217 1736 425 1800 ministerium
442 1760 607 1825 corporum
624 1739 700 1802 Filii
715 1739 763 1802 sui
789 1738 920 1802 Domini
944 1739 1045 1803 nostri
1074 1741 1163 1807 <lesu
1191 1744 1303 1810 Christi

140 1841 285 1929 gerulum
301 1840 519 1906 benedictione
534 1838 796 1921 sanctificationis,
813 1840 966 1906 tutamine
981 1841 1198 1928 defensionis,
1214 1848 1302 1913 dont-

140 1944 235 2009 tionis
249 1944 379 2031 implere
394 1944 542 2030 dignetur
557 1944 718 2008 orantibus
732 1945 831 2009 nobis.
878 1944 937 2008 Per
951 1944 1102 2011 eundem.

672 2152 760 2216 Alio.

186 2303 393 2391 Omnipotens
409 2304 504 2382 Deus,
523 2304 660 2368 Trinitas
674 2305 898 2392 inseparabilis,
914 2304 1060 2383 manibus
1074 2311 1198 2375 nostris
1215 2336 1302 2400 opem
1409 2300 1421 2351 'ss'

140 2419 194 2471 tue
220 2408 446 2472 benedictionis
472 2408 615 2484 infunde,
643 2421 689 2485 ut,
714 2432 770 2493 per
791 2422 929 2473 nostram
955 2408 1232 2494 benedictionem,
1247 2414 1303 2479 hoc
1418 2410 1422 2471 ῗ

140 2511 300 2574 vasculum
325 2509 545 2587 sanctificetur,
571 2522 603 2572 et
626 2511 762 2594 corporis
786 2510 904 2575 Christi
937 2534 1056 2575 novum
1092 2516 1301 2602 sepulchrum

144 2612 278 2699 Spiritus
296 2612 402 2677 Sancti
417 2612 518 2700 gratia
532 2612 719 2699 perficiatur.
767 2614 835 2678 Per.

183 2717 264 2780 Inde
279 2740 348 2780 vero
363 2727 534 2780 revertetur
543 2717 687 2803 ponte'fee
702 2717 736 2780 io
750 2719 933 2795 sacrarium,
958 2729 987 2780 et
1010 2718 1148 2783 induant
1174 2745 1208 2787 se
1231 2725 1302 2788 aliis

139 2819 333 2884 sollemnibus
363 2821 555 2897 vestimentis,
582 2822 647 2905 ipse
673 2831 702 2885 et
725 2823 814 2885 ceteri
837 2822 980 2897 ordinem
1012 2822 1141 2886 interim
1165 2848 1302 2913 namque

140 2923 271 2987 eccelesia
294 2933 419 2985 ornetur
445 2933 474 2985 et
499 2924 654 2987 decoretur
682 2923 805 2987 lumine.
850 2924 926 2986 Post
952 2923 1023 3000 boec,
1051 2935 1173 3003 cantor,
1198 2930 1302 3014 petita

140 3022 340 3087 benedictione
355 3026 393 3086 ob
409 3027 558 3110 episcope,
590 3027 719 3110 incipiat
741 3029 915 3114 antifonom
935 3026 977 3088 od
996 3025 1164 3090 introitum
1183 3032 1299 3109 meiere,

140 3135 169 3187 et
191 3134 262 3188 tuoe
271 3128 412 3210 procedit
421 3128 565 3213 pontifee
581 3131 617 3190 de
642 3133 779 3193 sacrario
794 3154 863 3195 com
878 3130 1017 3194 omnibus
1038 3130 1203 3196 ordinibus
1223 3138 1302 3214 sore,

139 3226 218 3287 sicut
231 3250 296 3290 moe
316 3238 380 3304 est;
402 3239 431 3291 et
451 3228 620 3291 celebrator
638 3230 732 3293 mirso
756 3234 835 3297 sieut
858 3234 892 3297 in
916 3228 1196 3299 Sacramentornm
1221 3238 1303 3305 libro

140 3329 320 3394 continetur.

329 3600 422 3664 Irnn
444 3618 550 3665 nrssA
572 3619 612 3665 ΙΝ
635 3616 885 3664 nnmcnrronn
908 3615 1100 3663 mccrnsm.

182 3772 240 3837 Ad
254 3773 424 3837 introitum.

185 3874 346 3940 Terribilis
360 3888 407 3940 est
421 3877 507 3940 locus
523 3875 592 3955 iste,
616 3874 670 3940 hic
696 3873 807 3938 domus
822 3874 883 3938 Dei
907 3886 963 3952 est,
990 3886 1022 3937 et
1041 3885 1133 3959 porta
1156 3879 1242 3960 coeli,
1267 3897 1301 3948 et

139 3978 303 4042 vocabitur
317 3979 387 4042 aula
404 3979 474 4042 Dei.

182 4080 339 4144 Psalmos.
384 4081 541 4143 Dominus
554 4080 708 4164 regnavit.

182 4181 278 4259 Deus,
308 4182 363 4266 qui
388 4179 588 4244 invisibiliter
611 4181 716 4244 omnia
739 4181 891 4259 contines,
913 4194 944 4245 et
969 4191 1076 4244 tamen
1105 4206 1164 4269 pro
1194 4186 1301 4255 salute

137 4283 259 4364 generis
281 4281 413 4344 humani
427 4282 516 4365 signa
531 4291 592 4341 tuae
607 4282 754 4365 potentiae
779 4282 944 4346 visibiliter
964 4283 1112 4361 ostendis,
1137 4289 1299 4375 templum

136 4379 198 4445 hoc
227 4382 373 4467 potentiae
404 4395 465 4444 tuae
501 4379 737 4446 inhabitationis
770 4383 901 4461 illustra,
935 4397 971 4447 ut
1001 4405 1109 4448 omnes
1139 4389 1195 4472 qui
1229 4373 1301 4458 huo
