2866 4934
130 348 171 407 62
467 366 711 413 vouririenur
727 366 958 414 recuruum.

173 520 243 598 Quo
258 541 320 580 non
349 519 381 581 in
409 521 474 584 selo
496 546 587 609 pane,
603 522 656 587 scd
684 523 716 586 in
732 522 821 585 omni
845 522 951 587 verbo
964 522 1076 609 'quod
1101 523 1147 588 de
1173 545 1226 589 ore
1247 520 1303 604 ejus

127 621 278 707 procedit,
295 622 464 706 spiritalem
477 638 634 691 sumentes
648 624 840 702 alimoniam,
856 648 917 711 per
933 625 1159 711 jejuniorum
1175 627 1303 691 observa-

129 725 260 799 tionem,
276 738 308 787 et
323 740 496 791 ceterorum
515 729 668 793 bonorum
695 750 823 815 operum
851 728 1125 810 exhibitionem,
1155 730 1302 820 percipere

130 828 312 891 mercamini
328 828 606 897 inmarcescibilem
622 832 728 919 gloria¹
743 854 902 896 coronam.

174 931 265 1012 Quod
280 932 354 1018 ipse.
400 936 515 1001 Amen.
562 935 753 1000 Benedictio.
799 935 919 998 Amen.

406 1108 584 1173 Benedictio
599 1112 630 1172 iu
648 1111 696 1172 die
711 1121 758 1168 XL
773 1109 815 1170 ad
829 1129 1008 1192 verperum.

174 1246 227 1309 Ad
244 1246 482 1310 custodiendum
499 1270 626 1333 gregem
654 1260 754 1322 tuum,
780 1243 960 1309 animarum
983 1247 1110 1313 Pastor
1135 1250 1232 1328 bone,
1254 1249 1300 1336 qui

132 1349 268 1413 dormire
283 1349 392 1425 neseis,
410 1349 551 1435 invigila.
598 1352 713 1413 Amen.

175 1454 218 1516 Et
241 1476 281 1515 ne
308 1452 429 1515 diurnis
453 1466 545 1538 etque
570 1452 730 1517 nocturnis
750 1448 918 1515 terroribus
939 1450 1146 1539 fatigentur,
1169 1454 1299 1522 eoelestia

131 1578 223 1641 super
238 1578 290 1618 eos
305 1555 482 1619 velamenta
496 1556 662 1641 proetende.
708 1556 823 1618 Amen.

178 1658 222 1722 Ut
247 1657 309 1721 tuti
334 1680 454 1744 semper
479 1659 518 1722 ab
544 1657 794 1722 infestationibus
826 1655 951 1719 inimici
983 1681 1187 1727 maneamus
1217 1662 1298 1728 illesi.

132 1761 248 1826 Amen.

174 1866 217 1929 Et
231 1866 265 1928 in
280 1865 465 1929 habitaculis
479 1866 593 1929 nostris
608 1889 670 1952 pax
686 1874 821 1951 vegetet,
834 1862 921 1948 quies
936 1881 1146 1948 permaneat.
1188 1871 1297 1934 Amen.

175 1968 233 2030 Ille
248 1991 303 2030 vos
318 1967 481 2030 benedicet
496 1969 535 2031 de
551 1970 645 2047 ecelis,
671 1968 725 2054 qui
750 1991 806 2053 per
831 1988 956 2028 erucem
980 1970 1149 2053 passionis
1163 1996 1229 2038 suae
1250 1996 1299 2037 vos

130 2069 264 2133 redemit
278 2069 312 2130 in
328 2069 431 2132 terris:
455 2070 507 2133 cui
522 2086 568 2134 cst
583 2071 684 2135 honor
698 2084 730 2135 ct
744 2067 923 2155 imperium,
935 2091 1080 2156 regnum
1102 2088 1138 2140 et
1153 2089 1297 2164 potestat,

129 2174 164 2237 in
180 2173 489 2237 saeculasaecuiomm.
536 2173 651 2238 Amen.

174 2277 358 2341 Benedictio
375 2276 445 2355 Dei,
464 2275 564 2339 Patris
579 2291 610 2341 et
627 2277 711 2341 Filii.
757 2275 871 2338 Amen.

434 2449 603 2511 Dominica
617 2451 651 2535 ij.
667 2451 700 2512 in
711 2460 768 2511 XL.
812 2446 999 2511 Benedictio.

178 2585 385 2672 Omnipotens
413 2584 508 2661 Deus,
531 2584 646 2668 jejunii
680 2599 913 2667 ceterarumque
936 2582 1099 2649 virtutum
1134 2588 1299 2656 dedicator

133 2701 226 2775 atque
241 2701 371 2766 amator,
388 2712 443 2751 suc
458 2711 514 2751 vos
528 2687 747 2751 benedictione
762 2685 942 2750 sanctificet.
988 2686 1113 2752 Amen.

178 2794 342 2857 Accendat
368 2794 402 2856 in
426 2793 516 2856 vobis
541 2791 592 2877 pie
617 2790 793 2854 devotionis
817 2788 975 2865 affectum,
1007 2802 1041 2852 et
1055 2792 1198 2876 prebeat
1229 2820 1298 2885 sup-

132 2896 319 2980 plicantibus
334 2918 425 2958 suum
440 2896 596 2981 benignus
611 2895 764 2957 auditum.
810 2893 925 2956 Amen.

179 3001 338 3077 Quatenus
364 3012 483 3063 mentes
507 3012 608 3062 vestre
638 2998 764 3062 sinceris
797 3008 929 3083 purgate
953 2996 1099 3080 jejuniis,
1134 3002 1298 3068 bonorum

135 3101 276 3162 omnium
292 3101 464 3164 exuberent
479 3102 688 3165 incrementis.
734 3102 848 3163 Amen.

180 3201 271 3280 Quod
286 3202 351 3287 ipse
366 3215 509 3288 prestare.
555 3204 670 3266 Amen.
716 3202 908 3267 Benedictio.

414 3374 581 3439 Dominica
597 3377 642 3461 eij
658 3378 692 3438 in
706 3388 763 3437 XL.
808 3375 992 3439 Benedictio

180 3504 386 3590 Omnipotens
414 3505 498 3568 Deus
520 3504 715 3589 jejuniorum
739 3515 912 3567 vestrorum
939 3502 1082 3566 victimas
1118 3507 1302 3579 clementer

134 3608 276 3695 accipiat,
293 3621 323 3672 et
339 3631 392 3672 sua
403 3631 459 3672 vos
473 3607 690 3672 benedictione
706 3607 818 3691 dignos
840 3605 962 3670 efficiat.
1008 3606 1138 3671 Amen..

180 3713 302 3775 Montes
331 3724 448 3773 vestras
484 3711 530 3773 ita
568 3708 763 3794 parsimoniae
788 3711 871 3773 bono
903 3722 1010 3774 contra
1035 3710 1115 3775 vitia
1153 3719 1302 3798 muniat,

135 3826 352 3901 preceptorum
368 3835 493 3876 suormn
510 3811 660 3875 doctrinis
675 3813 807 3888 erudiat,
833 3813 969 3877 caritatis
989 3814 1072 3877 dono
1095 3819 1234 3903 repleat,
1263 3838 1302 3890 ut

134 3938 190 3981 vos
201 3919 235 3981 in
251 3916 396 3979 omnibus
407 3915 464 3978 sibi
480 3916 600 4000 plaeere
615 3913 773 3977 concedat.
819 3914 934 3978 Amen.

182 4020 341 4098 Quatenus
355 4017 504 4102 presentis
520 4016 749 4100 quadrigesime
765 4017 874 4079 dicbus
892 4018 1089 4084 devotissime
1114 4025 1299 4111 celebratis,

136 4119 176 4179 ad
191 4119 346 4203 paschalia
361 4120 437 4181 festa
453 4116 623 4203 purificatis
638 4117 783 4180 cordibus
798 4118 942 4184 accedere
957 4122 1094 4186 valeatis.
1142 4127 1269 4197 Amen,

182 4220 272 4296 Quod
288 4220 507 4304 ipseprestare.
553 4217 668 4279 Amen.
714 4218 907 4283 Benedictio
953 4224 1067 4288 Amen.
