2866 4934
282 463 285 470 -
336 437 440 484 mssa
456 439 496 484 ιιι
512 439 763 488 nnn1car1onn
779 440 971 488 recursura
1185 429 1224 490 51

73 587 192 652 tionem
209 589 270 653 loci
285 589 379 676 hujus
393 594 548 679 propitius
563 594 667 659 adesse
680 596 820 682 dignare,
838 609 874 660 ut
883 597 937 682 qui
949 596 1014 660 hace
1026 597 1059 659 in
1075 596 1225 660 honorem

73 690 121 753 tui
147 693 284 755 nominis
321 696 529 760 condiderunt
558 711 765 783 protectorem
798 712 830 763 tc
863 699 977 771 habere
1010 700 1044 763 in
1081 699 1227 763 omnibus

73 807 251 858 mereantur
266 808 358 883 atque
374 799 544 862 custodem.
592 801 659 863 Per.

534 989 635 1074 Super
650 989 761 1052 obluta.

119 1133 324 1220 Omnipotens
350 1139 536 1224 sempiterne
563 1141 658 1219 Deus,
686 1141 741 1227 qui
764 1139 912 1226 legalium
940 1139 1130 1204 differentias
1153 1140 1223 1203 hos·

71 1234 186 1298 tiamm
227 1238 261 1299 in
297 1240 390 1304 unius
415 1241 509 1326 hujus
535 1243 678 1307 sacrificii
708 1242 901 1329 protectione
931 1242 1075 1306 sanxisti:
1107 1242 1224 1327 respice

72 1339 225 1425 propitius
241 1340 280 1404 de
295 1341 409 1406 throno
418 1345 524 1430 gloriae
535 1358 607 1424 tuae,
618 1357 649 1409 et
664 1369 756 1432 super
767 1345 827 1408 hoo
839 1345 934 1409 altare
949 1334 1012 1432 (ael
1025 1345 1090 1409 haee
1100 1344 1224 1429 altaria)

72 1442 298 1508 benedictionis
313 1458 374 1508 tuae
389 1470 504 1510 munus
518 1447 656 1526 effunde,
677 1462 714 1528 ut
729 1449 762 1511 in
778 1471 815 1512 eo
830 1448 893 1532 (uel
907 1447 968 1532 eis)
981 1448 1024 1512 sio
1039 1448 1224 1534 temporales

71 1543 179 1626 hostiae
209 1562 435 1626 consecrentur,
472 1563 510 1613 ut
532 1549 695 1637 'perpetuae
725 1551 797 1615 vitae
827 1550 1021 1614 sumentibus
1054 1562 1223 1637 procurent

71 1647 283 1714 substantiam.
331 1653 398 1716 Per.

551 1787 553 1791 Ι
570 1826 720 1912 Prefutio.

116 1958 200 2022 Vere
216 1959 359 2045 dignum.
405 1960 536 2025 AEterne
561 1962 655 2025 Deus.
703 1962 764 2042 Qui
789 1985 860 2025 cum
884 1961 1002 2046 ubique
1020 1961 1060 2024 sis
1080 1972 1175 2039 totus,
1192 1973 1224 2025 et

71 2061 217 2125 universa
239 2076 293 2125 tua
308 2063 469 2146 majestate
493 2064 661 2142 contineas,
686 2065 798 2137 sacrari
820 2078 927 2127 tamen
951 2064 1010 2129 tibi
1033 2064 1138 2128 locum
1161 2065 1224 2128 tuis

71 2164 226 2250 mysteriis
250 2177 357 2252 aptum
377 2166 515 2243 voluisti,
544 2180 580 2231 ut
602 2167 668 2253 ipse
693 2168 870 2231 orationum
895 2167 1007 2229 domus
1033 2167 1221 2253 supplicium

71 2279 202 2352 mentes¹
215 2269 255 2332 ad
279 2268 510 2358 invocationem
532 2253 583 2332 ¹tui
607 2256 744 2333 nominis
769 2269 952 2332 incitarent:
976 2264 1103 2332 effirnde
1130 2293 1223 2355 super

70 2371 156 2434 hunc
168 2371 272 2435 locum
282 2372 422 2458 gratiam
438 2383 536 2449 tuam,
546 2357 585 2435 ,et
601 2371 746 2435 omnibus
761 2372 795 2434 in
811 2382 843 2434 te
858 2371 1053 2456 sperantibus
1068 2368 1222 2435 auxilium

70 2474 119 2537 tui
143 2474 282 2537 muneris
304 2475 441 2553 ostende,
458 2487 495 2539 ut
509 2474 561 2537 hio
577 2490 608 2538 et
623 2487 886 2540 sacramentorum
902 2473 1013 2551 virtus,
1030 2486 1061 2538 et
1076 2486 1222 2539 votorum

71 2577 249 2662 optineatur
264 2576 400 2641 effectus
448 2579 513 2670 Pver⁴
523 2577 694 2643 Christum.

475 2766 816 2830 Postcommuut'oaem.

115 2899 304 2988 Multipliea,
321 2916 495 2986 quaesumus
512 2901 659 2980 Domine,
675 2926 730 2988 per
741 2904 809 2967 haeo
831 2911 936 2964 sancta
945 2923 1013 2986 quae
1035 2903 1223 2989 sumpsimus

69 3003 234 3068 veritatem
249 3016 337 3068 tuam
355 3004 398 3066 'in
423 3003 567 3068 manibus
581 3005 704 3082 nostris,
730 3019 768 3069 ut
794 3017 826 3068 te
850 3004 885 3067 in
909 3005 1028 3090 templo
1043 3019 1150 3070 saneto
1166 3018 1222 3071 tuo

64 3105 187 3191 jugiter
212 3107 385 3183 adoremus,
411 3119 443 3171 et
467 3107 500 3172 in
527 3120 695 3194 conspeetu
722 3120 778 3172 tuo
803 3130 875 3172 oum
892 3106 955 3172 tuis
969 3107 1082 3172 sanctis
1101 3110 1221 3197 angelis
1272 3114 1273 3118 ’

68 3208 247 3293 gloriemur.
295 3209 362 3272 Per.

435 3353 437 3358 Ι
489 3381 604 3466 ¹Super
621 3382 784 3466 populum.

115 3530 398 3596 Sanctificationem
426 3530 537 3594 domus
561 3542 632 3607 tuae,
668 3531 814 3607 Domine,
842 3531 1023 3617 suppliciter
1052 3535 1223 3600 recolentes

67 3635 193 3713 exaudi,
216 3647 253 3699 ut
277 3646 453 3699 sanctorum
480 3647 606 3698 tuorum
631 3655 688 3696 nos
708 3655 792 3696 sacra
813 3632 1008 3697 dedicatione
1034 3635 1172 3699 laetantes
1187 3637 1222 3701 in

66 3763 174 3804 eorum
190 3762 246 3803 nos
261 3732 363 3816 facias,
380 3759 564 3824 quaesumus,
581 3748 662 3800 sorte
676 3737 851 3823 participes.
898 3736 965 3800 Per.

331 3996 422 4060 Irnn
446 4014 486 4058 ιιι
510 4010 760 4058 nanrearroun
782 4012 966 4059 aaaroan.

567 4163 724 4231 Colleotus.

113 4308 209 4385 Deus,
226 4309 280 4395 qui
295 4307 438 4372 aecolesiae
453 4317 514 4369 tuae
523 4304 557 4367 in
569 4300 682 4367 sanctis
697 4303 857 4367 montibus
869 4301 1072 4366 fundamenta
1080 4305 1223 4390 posuisti,

69 4409 120 4488 da,
152 4433 336 4496 quaesumus,
364 4422 401 4474 ut
430 4409 525 4474 nullis
555 4429 694 4471 errorum
713 4407 890 4472 subruatur
920 4405 1104 4486 incursibus,
1135 4395 1224 4477 nulla

613 4528 635 4573 n
660 4514 678 4571 2
