2866 4934
539 413 784 459 PONTIFICAIAE
800 411 1014 458 ECGBERHTI.

733 655 822 717 Alia.

244 775 339 850 Deus,
356 772 410 857 qui
425 772 520 856 hujus
543 773 660 837 arboris
679 796 773 858 poma
795 786 849 837 tua
866 772 1003 856 jussione
1017 783 1050 834 et
1069 773 1291 857 providentia
1305 799 1374 861 pro·

201 878 308 964 genita
323 888 500 940 constanter
517 877 752 959 beneffldieere
768 889 801 941 et
816 873 1003 941 sanctificare
1013 874 1169 960 digneris,
1189 901 1373 962 precamur,

200 995 237 1046 ut
251 982 440 1067 quicumque
455 1003 497 1043 ex
511 981 555 1044 eis
570 981 757 1067 sumpserint
773 981 940 1045 incolomes
955 1001 1017 1042 esse
1029 979 1169 1044 valeant.
1224 981 1299 1048 Per.

549 1293 776 1356 Baunnrcmo
792 1308 898 1355 ranis
912 1307 1009 1355 novi.

248 1497 405 1561 Benedico
417 1508 459 1573 te,
473 1510 613 1561 creatura
627 1497 727 1583 panis,
744 1499 778 1561 in
794 1499 921 1561 nomine
932 1497 1030 1560 Patris
1045 1507 1077 1558 et
1090 1495 1170 1559 Filii
1181 1509 1219 1561 et
1235 1499 1371 1586 Spiritus

207 1601 313 1664 Sancti
328 1625 384 1686 per
398 1599 547 1662 virtutem
565 1600 721 1664 dominice
736 1601 885 1686 passionis
899 1613 930 1664 et
939 1599 1173 1664 resurrectionis
1188 1625 1208 1664 a
1225 1604 1370 1678 mortuis,

203 1715 240 1767 ut
255 1702 462 1768 sanctificatus
477 1705 573 1768 verbo
590 1705 649 1768 Dei
670 1704 920 1768 benedictionem
943 1726 1076 1766 assumas
1091 1703 1248 1769 adversus
1264 1729 1372 1770 omnes

204 1808 358 1894 nequitias
373 1808 535 1895 spiritales,
552 1821 583 1872 et
602 1809 761 1871 universas
780 1809 968 1872 valitudines
983 1805 1251 1894 infirmitatesque
1271 1834 1370 1875 mem-

204 1913 342 1992 bromm,
358 1925 395 1977 ut
410 1912 599 1999 quicumque
614 1925 645 1975 te
666 1912 864 1996 sumpserint,
880 1913 920 1975 sis
938 1911 981 1974 eis
1001 1911 1034 1973 in
1049 1911 1184 1974 tutelam
1203 1914 1325 1978 mentis
1340 1926 1371 1977 et

204 2018 351 2103 eorporis,
378 2018 411 2079 in
435 2016 586 2079 honorem
611 2014 741 2078 Domini
767 2015 845 2079 Jcsu
865 2014 991 2092 Christi,
1010 2014 1064 2099 qui
1089 2028 1137 2078 est
1161 2015 1253 2080 Deus
1275 2018 1370 2081 bene-

205 2119 321 2184 dictus:
344 2120 486 2206 quicum
504 2119 605 2183 Patre.

736 2290 825 2354 Alia.

249 2430 397 2508 Benedic,
430 2430 577 2507 Domine,
609 2441 780 2492 creaturam
811 2428 902 2491 istam
932 2431 1031 2515 panis,
1062 2429 1143 2492 sicut
1173 2431 1368 2496 benedixisti

206 2534 343 2619 quinque
358 2556 453 2618 panes
468 2531 501 2595 in
518 2533 649 2610 deserto,
665 2543 702 2595 ut
717 2555 825 2594 omnes
845 2545 1004 2618 gustantes
1019 2557 1059 2596 ex
1074 2556 1111 2597 eo
1126 2534 1288 2621 accipiant
1302 2548 1368 2618 tarn

205 2638 340 2725 corporis
355 2660 449 2723 quam
464 2637 575 2700 animae
590 2636 763 2700 sanitatem.
810 2636 878 2698 Per.

522 2947 580 3010 AD
597 2965 731 3012 DOMUM
746 2964 1044 3012 BENEDICENDAM.

253 3150 401 3226 Benedic,
429 3148 575 3229 Domine,
602 3152 684 3215 hanc
710 3154 838 3219 domum
865 3168 897 3218 et
923 3177 1030 3218 omnes
1054 3153 1233 3219 habitantes
1257 3157 1293 3220 in
1321 3183 1368 3238 ea,

209 3251 288 3317 sicut
312 3251 493 3318 benedicere
516 3253 664 3341 dignatus
686 3280 718 3321 es
740 3256 869 3322 domum
886 3258 1058 3335 Abraham,
1084 3257 1179 3335 Isaac,
1197 3271 1230 3322 et
1253 3261 1368 3341 Jacob,

209 3368 245 3419 ut
268 3357 302 3421 in
317 3357 365 3421 his
380 3356 548 3443 parietibus
563 3358 692 3444 angelus
715 3361 793 3425 lucis
808 3361 942 3438 habitet3
966 3363 1100 3425 sentiant
1121 3361 1155 3423 in
1178 3385 1215 3426 ea
1232 3387 1371 3430 comma·

209 3474 318 3528 nentes
333 3464 372 3527 de
387 3483 456 3524 rore
471 3461 541 3524 coeli
564 3459 823 3540 habundantiam,
840 3474 872 3525 et
895 3487 951 3548 per
973 3464 1204 3551 indulgentiam
1220 3467 1371 3533 laetentur

208 3565 331 3650 pacifici
342 3579 435 3652 atque
447 3565 556 3643 securi,
569 3576 601 3628 et
615 3565 722 3629 mittas
736 3569 770 3630 in
785 3589 853 3630 eam
863 3566 1010 3651 angelum
1022 3567 1115 3654 pacis,
1128 3568 1182 3653 qui
1197 3568 1370 3636 introitum

208 3681 348 3735 nostrum
365 3669 548 3752 exitumque
563 3666 725 3731 custodiat.
772 3671 839 3733 Per.
1242 3679 1245 3683 ’
1317 3682 1320 3687 ’

740 3894 828 3958 Alia.

254 4080 384 4162 Adesto,
417 4080 563 4157 Domine,
595 4080 874 4165 supplicationibus
906 4080 1029 4160 nostris,
1060 4097 1092 4147 et
1121 4083 1201 4146 hanc
1236 4086 1376 4155 domum

210 4184 323 4248 serenis
345 4187 442 4250 oculis
464 4196 525 4248 tuae
546 4182 671 4269 pietatis
685 4183 819 4264 illustra3
844 4182 1011 4248 descendat
1033 4208 1124 4273 super
1140 4186 1324 4256 habitantes
1341 4196 1377 4259 in

211 4306 246 4345 ea
261 4287 368 4368 gratiae
382 4301 443 4351 tuae
457 4287 544 4372 larga
559 4284 744 4363 benedictio,
761 4299 798 4350 ut
821 4288 855 4349 in
870 4284 920 4348 his
941 4289 1127 4354 manufactis
1150 4312 1222 4352 cum
1239 4293 1378 4361 salubri-

210 4395 274 4448 tate
289 4391 496 4465 manentibus,
513 4387 572 4473 ipsi
588 4399 679 4450 tuum
695 4410 815 4475 semper
830 4389 893 4453 sint
908 4385 1131 4455 habitaculum.
1177 4391 1247 4454 Per.
