2866 4934
547 432 847 484 BENEDIO'HORDS.

515 651 744 719 Bauanrcrro
760 672 865 719 murs.

159 786 295 852 Domine
322 787 407 852 Deus
432 799 546 866 noster,
572 789 664 853 Pater
686 790 902 878 Omnipotens,
930 791 1046 856 exaudi
1072 815 1139 870 nos,
1160 793 1269 857 lumen

115 888 310 955 indeficiens:
341 901 378 954 tu
403 913 434 955 es
458 903 563 956 sancte
587 892 732 958 conditor
761 894 903 958 omnium
933 895 1100 972 luminum,
1125 896 1269 974 benedic,

116 991 261 1071 Domine,
273 993 334 1056 hoc
348 993 455 1056 lumen
470 995 556 1079 quod
571 1007 635 1058 ate
650 995 875 1061 sanctificatum
891 1009 984 1085 atque
998 997 1199 1062 benedictum
1211 1010 1267 1063 est.

116 1093 165 1157 Tu
179 1094 375 1159 inluminasti
389 1118 513 1159 omnem
530 1096 696 1174 mundum,
714 1110 749 1159 ut
764 1098 803 1160 ab
818 1120 854 1159 eo
870 1096 990 1161 lumine
1004 1099 1220 1178 accendamur,
1236 1112 1269 1165 et

113 1197 338 1263 inluminemur
352 1199 428 1286 igne
443 1200 591 1264 claritatis
606 1212 676 1276 tuse,
702 1200 781 1263 sicut
795 1200 903 1286 ignem
927 1200 1122 1265 inluminasti
1147 1202 1268 1288 Moyse,

112 1300 156 1364 ita
170 1300 373 1366 inluminabis
387 1301 532 1366 cordibus
555 1313 588 1366 et
611 1301 749 1366 sensibus
764 1303 886 1380 nostris,
902 1315 938 1367 ut
953 1303 992 1368 ad
1007 1303 1104 1367 vitam
1120 1314 1266 1368 aeternam

112 1404 274 1489 pervenire
288 1428 470 1469 mereamur.
518 1404 585 1468 Per.

142 1574 284 1642 ORATIO
301 1593 415 1640 SUPER
431 1593 580 1641 FONTEM
596 1594 660 1640 UBI
676 1594 774 1650 AQUA
790 1594 1040 1642 NEGLIGENTIA
1056 1594 1238 1643 CONTIGIT.

156 1712 292 1776 Domine
307 1724 421 1790 sancte,
440 1712 531 1776 Pater
548 1711 763 1796 Omnipotens,
779 1724 892 1777 aeteme
909 1712 1004 1791 Deus,
1021 1713 1075 1798 qui
1091 1736 1146 1799 per
1160 1713 1267 1776 invisi-

110 1814 240 1879 bilitatis
264 1826 326 1878 tuae
349 1814 523 1900 potentiam
545 1814 600 1877 has
624 1837 718 1899 aquas
742 1837 783 1877 ex
806 1815 933 1879 nicholo
954 1817 1095 1880 conditas
1119 1817 1153 1879 in
1172 1815 1267 1899 hujus

110 1916 246 1982 materiae
255 1917 387 1981 formam
396 1917 527 1981 visibilis
536 1916 696 2003 prebuisti,
709 1916 810 2002 adque
822 1940 862 1980 ex
874 1917 988 1982 abditis
998 1917 1267 2004 investigabilibus

110 2043 245 2085 concava
268 2044 324 2106 per
347 2019 448 2104 abyssi
472 2018 724 2105 magnitudinem
748 2019 901 2106 largitatis
923 2032 985 2083 tuae
1005 2019 1106 2106 gratia
1120 2017 1266 2083 humanis

109 2123 216 2188 usibus
231 2122 349 2187 fluenta
364 2121 502 2188 fontibus
516 2119 688 2184 influxisti:
711 2133 743 2184 te
757 2121 806 2185 tui
816 2121 924 2185 famuli
937 2123 1089 2209 supplices
1104 2144 1267 2187 exoramus

109 2224 157 2288 uti
172 2223 228 2290 has
242 2248 346 2311 aquas,
368 2247 443 2310 quas
467 2223 661 2311 negligentia
676 2224 800 2309 polluit,
828 2224 936 2288 Sancti
954 2225 1089 2311 Spiritus
1104 2225 1151 2288 tui
1166 2223 1267 2310 gratia

110 2325 150 2388 ad
169 2326 358 2390 munditiam
387 2338 511 2389 revocet
540 2337 633 2410 atquc
655 2324 810 2413 purificet,
834 2339 865 2390 et
895 2326 1021 2413 spiritus
1043 2327 1149 2391 callidi
1168 2325 1265 2389 hostis

109 2427 262 2508 abscedat,
287 2427 342 2492 has
364 2428 509 2514 deinceps
531 2427 735 2492 sanctificatas
757 2428 881 2493 familiae
895 2443 956 2494 tuae
971 2430 1121 2516 potabiles
1136 2429 1264 2505 tribuas,

108 2540 145 2594 ut
159 2531 376 2618 adpetantium
392 2553 472 2615 aqua
486 2531 619 2594 mundet
633 2555 760 2618 corpora
775 2532 929 2617 cordaque
945 2531 1124 2596 sanctificet.
1171 2531 1238 2594 Per.

133 2701 293 2768 litemus
310 2703 450 2768 Donum
466 2719 666 2774 Astraeurm
683 2721 844 2767 monrua
862 2704 920 2768 Pcr
936 2728 1028 2789 quem
1044 2701 1108 2767 haec
1125 2704 1229 2765 omnia

461 2821 638 2886 Benedictio
655 2823 740 2885 lactis
755 2822 904 2887 1111111111.

152 2953 300 3034 Benedic,
318 2955 463 3033 Domine,
480 2955 535 3018 has
551 2967 705 3018 creaturas
720 2953 814 3018 fontis
829 2955 916 3019 lactis
943 2969 974 3019 et
995 2955 1106 3032 mellis,
1133 2967 1165 3018 et
1186 2965 1260 3038 pota

108 3054 239 3121 famulos
257 3069 327 3121 tuos
350 3056 473 3128 dehoc
496 3056 582 3120 fonte
604 3057 744 3143 perenni,
762 3057 816 3143 qui
840 3068 886 3120 est
914 3054 1047 3142 Spiritus
1062 3052 1211 3130 veritatis,
1228 3065 1260 3116 et

108 3161 212 3224 enutri
234 3184 285 3224 eos
305 3160 344 3223 de
366 3159 426 3224 hoc
448 3159 541 3224 melle
565 3173 597 3224 et
622 3160 716 3237 laote;
741 3172 777 3224 tu
802 3160 897 3240 enim,
920 3159 1066 3236 Domine,
1091 3155 1259 3243 promisisti

107 3263 245 3348 patribus
270 3261 382 3327 nostris
405 3261 540 3326 Abrahae
568 3263 652 3327 Isaac
672 3276 704 3327 et
727 3263 827 3328 Jacob
842 3263 963 3327 dicens:
988 3262 1187 3326 Introducam
1204 3282 1259 3322 vos

108 3362 141 3424 in
156 3375 267 3427 terram
284 3362 539 3450 repromissionis,
563 3375 676 3428 terram
699 3362 850 3427 fluentem
872 3364 953 3428 lacte
974 3376 1007 3427 et
1028 3364 1128 3426 melle.
1176 3360 1257 3424 Con-

101 3465 213 3551 junge,
238 3465 384 3543 Domine,
408 3465 538 3529 famulos
561 3477 631 3528 tuos
658 3465 778 3551 Spiritu
806 3465 929 3542 Sancte,
954 3466 1034 3530 sicut
1053 3466 1255 3547 conjunctum

106 3580 152 3632 est
166 3568 226 3632 hoc
239 3570 287 3633 lac
303 3581 334 3632 ct
348 3568 412 3632 mel
425 3569 460 3631 in
476 3567 600 3633 Christo
616 3567 847 3633 ,Iesu-Domino
862 3579 977 3645 nostre,
990 3568 1045 3652 qui
1059 3580 1172 3629 tecum.

159 3742 386 3807 BENEDICTIO
403 3758 517 3804 SUPER
532 3757 681 3804 CARNEM
696 3757 784 3803 AGNI
800 3757 840 3803 IN
856 3756 996 3802 PASOHA
1011 3753 1209 3808 ANTEQUAM

401 3862 561 3908 DIOATUR
579 3843 638 3906 Per
653 3866 746 3927 quem
761 3841 827 3904 hacc
841 3842 955 3905 omnia.

149 3980 233 4043 Deus
247 3980 391 4043 universe
403 3978 513 4056 earnis,
524 3977 579 4062 qui
589 3977 658 4042 Noe
674 3989 705 4040 et
713 3975 786 4039 filiis
795 3976 856 4040 suis
866 3977 905 4039 de
914 3977 1040 4040 mundis
1050 3989 1081 4040 et
1092 3973 1253 4038 inmundis

103 4081 290 4144 animalibus
315 4091 460 4166 precepta
486 4079 614 4156 dedisti;
638 4079 692 4163 qui
715 4100 832 4162 agnum
858 4079 892 4140 in
919 4078 1072 4164 AEgypt0,
1097 4075 1200 4160 Moysi
1224 4089 1255 4139 et

103 4184 219 4270 populo
233 4194 289 4247 tuo
313 4182 347 4245 in
361 4183 471 4269 vigilia
496 4180 611 4244 Pasche
635 4179 795 4243 comedere
818 4181 983 4268 precepisti
1007 4181 1040 4243 in
1063 4179 1164 4266 figura
1179 4179 1254 4264 agni

105 4285 233 4350 Domini
253 4285 351 4349 nostri
373 4284 451 4349 Jesu
476 4282 603 4360 Christi,
625 4283 713 4365 cujus
737 4280 887 4366 sanguine
914 4280 1018 4342 omnia
1043 4277 1253 4366 primogenita

102 4387 161 4449 tibi
177 4389 215 4453 de
239 4388 358 4457 mundo
382 4385 551 4460 redemisti,
577 4386 611 4449 in
635 4399 726 4449 nocte
752 4384 806 4447 illa
830 4403 922 4445 omne
947 4378 1194 4467 primogenitum
1219 4377 1252 4440 in

663 4507 687 4550 K
