2866 4934
560 404 861 452 BENEDIOTIONES.

375 628 552 692 Benedictio
568 630 601 691 in
616 630 775 691 nativitate
792 627 913 691 Sancta
929 627 1054 690 Maria.

179 766 383 852 Omnipotens
400 766 485 828 Deus
500 788 555 828 sua
570 788 625 827 vos
641 765 789 850 dignetur
813 763 1008 850 protectione
1029 764 1224 842 benedicere,
1242 765 1296 849 qui

133 869 219 932 hunc
235 869 318 933 diem
333 893 388 954 per
403 869 601 932 nativitatem
616 869 706 931 beate
723 867 829 930 Mariae
844 867 919 930 feeit
934 867 1111 940 clarescere.
1157 866 1272 929 Amen.

179 972 221 1035 Et
245 973 299 1057 qui
323 994 377 1058 per
402 995 470 1034 eam
490 971 608 1034 Filium
633 994 722 1034 suum
745 970 846 1033 voluit
870 969 965 1046 nasci,
985 970 1052 1052 ejus
1075 969 1295 1033 intercessione

134 1075 319 1138 adversitate
335 1074 471 1137 defendi.
517 1073 631 1137 Amen.

180 1178 272 1256 Quod
287 1178 321 1240 in
336 1176 473 1263 presenti
488 1199 547 1240 evo
562 1177 628 1260 ejus
643 1175 763 1239 meritis
778 1187 810 1238 et
823 1175 967 1260 precibus
982 1175 1085 1258 adjuti
1106 1175 1295 1261 sempiterna

134 1281 263 1343 valeatis
278 1293 437 1366 gratanter
453 1279 601 1343 felicitate
615 1279 742 1364 perfrui.
787 1277 901 1341 Amen.

182 1384 271 1463 Quod
288 1385 361 1470 ipse.
408 1384 523 1446 Amen.
614 1381 806 1445 Benedictio¹

153 1557 186 1620 X
195 1558 294 1619 VIII.
310 1556 387 1619 Kal.
408 1556 553 1621 Octobris.
598 1554 762 1617 Eccitatio
779 1555 899 1617 Sancta
919 1551 1035 1617 Crucis.
1081 1552 1268 1615 Benedictio.

180 1689 220 1770 ᾧ
252 1689 347 1766 Deus,
361 1689 415 1774 qui
430 1689 518 1752 beate
534 1689 684 1772 erufflcis
698 1689 875 1775 patibulum
891 1689 975 1776 quod
989 1688 1076 1774 prius
1085 1700 1152 1751 erat
1163 1689 1297 1753 scelestis

138 1792 178 1854 ad
193 1815 316 1876 poenam
333 1792 514 1855 convertisti
534 1793 703 1878 redemptis
722 1793 761 1855 ad
782 1792 892 1869 vitam,
909 1792 1044 1855 concede
1065 1793 1189 1878 plebem
1208 1805 1295 1856 tuam

137 1895 203 1977 ejus
218 1893 328 1956 vallari
343 1892 488 1978 presidia,
505 1894 593 1977 cujus
609 1907 655 1956 est
669 1906 787 1956 armata
803 1893 928 1956 vexilla
975 1893 1090 1956 Amen.

183 1996 231 2060 Sit
255 2008 286 2060 et
310 2019 389 2059 crux
413 1995 488 2058 fidei
511 1995 763 2074 fundamentum,
789 1997 854 2082 spei
877 1996 1073 2083 suffragium,
1099 1998 1134 2059 in
1161 1997 1297 2061 adversis

137 2101 303 2178 auxilium,
319 2100 354 2162 in
369 2100 524 2187 prosperis
538 2101 765 2183 adjumentum.
812 2100 927 2164 Amen.

183 2203 231 2268 Sit
253 2204 288 2266 in
311 2204 400 2266 hoste
426 2203 568 2280 victoria,
594 2203 634 2266 sit
654 2203 688 2265 in
713 2226 823 2288 campo
842 2203 992 2279 custodia,
1010 2203 1043 2264 in
1060 2203 1153 2266 domo
1169 2204 1209 2266 sit
1224 2227 1298 2266 con-

136 2308 252 2386 cordia,
269 2307 309 2370 sit
324 2307 358 2369 in
374 2306 426 2368 via
442 2305 567 2369 fultura.

182 2411 229 2474 Ut
249 2423 353 2496 pastor
368 2409 402 2472 in
420 2409 527 2472 futuro
548 2432 677 2496 gregem
699 2421 801 2472 servet
820 2409 1021 2486 ineolumem,
1038 2433 1106 2495 quae
1121 2410 1212 2474 nobis
1227 2432 1299 2472 con·

136 2537 224 2576 versa
239 2525 285 2576 est
299 2536 382 2599 agno
398 2513 545 2576 vincente
560 2513 594 2574 in
611 2513 751 2576 salutem.
798 2511 913 2575 Amen.

183 2617 323 2702 Dignare
347 2616 434 2678 hune
455 2616 608 2702 populum
623 2616 715 2702 signo
734 2615 852 2679 Sanctae
869 2615 977 2679 Crucis
997 2615 1192 2694 benedicere,
1209 2627 1246 2679 ut
1266 2616 1300 2678 in

137 2719 188 2782 die
200 2719 314 2802 judieii
329 2718 435 2781 nullus
449 2718 545 2803 possit
561 2742 579 2780 a
593 2729 624 2780 te
640 2741 714 2781 eum
730 2741 879 2803 separare.
925 2719 1040 2782 Amen.

183 2823 241 2886 llle
265 2846 320 2885 vos
341 2821 507 2885 benedicat
531 2821 570 2884 de
594 2821 690 2899 eoelis,
707 2820 762 2906 qui
786 2844 841 2907 per
861 2844 985 2885 crucem
1005 2822 1155 2907 passionis
1171 2845 1231 2884 suae
1246 2845 1302 2885 vos

137 2927 264 2990 redimit
279 2927 312 2988 in
328 2925 428 3001 terrie,
446 2925 497 2988 cui
513 2937 558 2988 est
573 2923 674 2988 honor
695 2938 727 2987 et
748 2923 915 3010 imperium
936 2924 970 2987 in
986 2925 1095 2988 saecula
1111 2925 1302 2988 saeculorum.

140 3030 255 3094 Amen.

183 3134 274 3212 Quod
289 3134 362 3219 ipse.
409 3132 524 3195 Amen.
616 3131 812 3195 Benedictio.
849 3131 973 3196 'Amen

213 3306 270 3367 VI.
285 3304 360 3367 Καὶ.
382 3303 526 3368 Octobris.
574 3302 721 3367 Basilica
737 3305 845 3368 Sancti
859 3304 1023 3369 IIicltoeiis
1039 3305 1239 3392 Archangeli.

629 3407 818 3470 Benedictio.

186 3544 280 3620 Deus,
298 3542 352 3628 qui
367 3541 408 3604 ad
423 3541 553 3603 salutem
569 3553 708 3603 nostram
724 3542 908 3625 angelorum
929 3566 1057 3606 suorum
1077 3543 1178 3606 utitur
1198 3542 1307 3605 minis-

141 3647 230 3725 cerie,
262 3670 368 3710 eorum
396 3667 450 3707 vos
480 3643 658 3707 munimine
690 3643 845 3707 custodiat
875 3644 1078 3728 custodiaque
1105 3643 1308 3709 communiat.

142 3752 256 3814 Amen.

185 3854 248 3917 Det
267 3852 356 3916 vobis
380 3851 536 3914 mentium
557 3850 729 3936 puritatem
753 3860 785 3911 et
798 3849 911 3935 jugem
932 3871 1099 3936 corporum
1122 3849 1309 3928 castitatem,

142 3956 197 4042 qui
211 3980 319 4020 eorum
335 3953 440 4019 electis
456 3954 604 4017 omnibus
619 3951 798 4039 repromisit
812 3952 1034 4037 aequalitatem.
1069 3953 1195 4016 'Amen

188 4059 310 4146 Quique
325 4058 388 4120 illis
409 4056 615 4120 certissimam
634 4078 696 4119 suae
716 4053 921 4141 perennitatis
936 4055 1052 4120 tribuit
1067 4055 1228 4133 fiduciam,
1245 4053 1313 4140 ipse

140 4186 196 4226 vos
219 4162 305 4238 fidei,
329 4159 394 4247 spei
419 4160 621 4243 caritatisque
643 4155 865 4245 perseverabili
886 4157 1006 4222 virtute
1028 4158 1202 4236 confirmet,
1219 4169 1315 4244 atque

141 4267 180 4330 ad
196 4290 302 4331 eorum
318 4261 522 4328 beatitudinis
539 4260 721 4326 societatem
736 4261 897 4348 perducat.
944 4263 1062 4326 Anien.

186 4371 277 4452 Quod
293 4372 368 4457 ipsc.
417 4367 534 4431 Amen.
630 4365 826 4430 Benedictio.
873 4366 990 4430 Amen.
