2866 4934
134 329 155 386 4
472 346 717 398 ronrrrrcans
732 351 950 401 nconnunrr.

138 549 246 614 Oratio
257 553 300 614 cd
309 551 485 637 pcat'ficcm
495 557 714 634 ordinandum,
727 580 794 643 quoe
806 558 881 620 addi
891 559 999 623 debeat
1015 563 1052 626 ia
1067 572 1312 648 consecratione,

569 662 654 747 cnjus
669 662 792 724 initium
806 671 858 723 cat.

179 811 264 876 Deus
278 813 433 878 honorum
449 816 603 896 omnium,
622 819 706 883 Deus
721 819 863 884 omnium
880 819 1094 906 dignitatum,
1113 851 1183 915 que
1207 833 1312 920 gloria

134 916 295 981 tuaesacris
307 917 499 983 famulantur
507 921 683 986 ordinibus:
706 922 792 987 Deus
803 921 858 1008 qui
870 922 1004 1008 Moysen
1020 925 1193 996 famulum
1209 947 1309 1016 tuum,

132 1030 162 1082 at
183 1031 280 1084 catara
304 1043 397 1106 usque
417 1044 477 1106 quo
503 1025 559 1100 ait,
587 1025 758 1089 etidcirco
782 1025 857 1088 huic
880 1024 999 1089 famulo
1023 1040 1085 1093 tuo
1120 1033 1190 1114 Ill,
1217 1060 1308 1125 quem

132 1123 307 1210 apostolica
322 1123 402 1188 sedis
413 1126 575 1210 presulem
592 1142 624 1191 ct
639 1128 804 1214 primatem
820 1128 963 1192 omnium
979 1130 1036 1215 qui
1058 1132 1096 1197 in
1114 1138 1199 1203 orbe
1214 1153 1307 1207 terra·

133 1250 202 1291 rum
232 1240 306 1291 sunt
335 1227 541 1300 sacerdotum,
568 1252 604 1293 ac
633 1230 817 1294 universalis
847 1231 1008 1296 AEoclesiae
1038 1247 1106 1300 tuae
1140 1241 1304 1310 doctorem

132 1330 256 1409 dedisti,
272 1344 304 1394 et
324 1331 364 1394 ad
382 1331 497 1394 summi
519 1332 683 1396 sacerdotii
705 1333 915 1399 ministerium
931 1335 1076 1421 elegisti3
1102 1339 1205 1424 hanc,
1226 1371 1305 1434 quae·

132 1455 239 1497 sumus
254 1432 401 1510 Domine,
418 1433 552 1518 gratiam
573 1433 725 1521 largiaris,
742 1437 861 1501 tribuas
876 1437 1058 1503 cathedram
1078 1447 1303 1529 pontificalem

132 1535 173 1599 ad
187 1534 357 1624 regendam
374 1534 560 1600 AEcclesiam
577 1549 662 1600 tuam
679 1551 711 1602 et
725 1538 848 1622 plebem
864 1540 1053 1606 universam.
1104 1547 1180 1613 Per.
1319 1532 1322 1539 Ι

132 1787 228 1851 Modo
257 1786 423 1850 mittendus
454 1797 497 1846 eat
525 1788 558 1848 in
589 1788 764 1852 cathedram
797 1790 1007 1876 apocopclem,
1039 1804 1068 1855 et
1098 1795 1167 1861 ltoec
1198 1805 1301 1866 οφαιίο

616 1890 743 1956 dicendo
758 1904 809 1955 eat.

176 2053 383 2142 Omnipotens
410 2053 511 2134 Pater,
536 2055 648 2120 Sancte
674 2056 759 2121 Deus
781 2069 907 2135 aeterne,
931 2070 967 2120 tu
991 2081 1120 2124 omnem
1147 2065 1298 2130 ordinem

130 2156 277 2245 dignatus
306 2182 338 2224 es
363 2159 398 2222 in
428 2158 601 2224 coelestibus
627 2159 752 2223 sedibus
777 2159 931 2238 ordinare,
959 2172 995 2224 ut
1024 2162 1070 2226 ait
1103 2163 1297 2233 Psalmista:

131 2260 277 2340 Domine,
289 2261 323 2325 in
339 2275 489 2328 aeternurn
505 2275 668 2349 permanet
677 2263 808 2326 verbum
821 2275 922 2327 tuum.
963 2262 1014 2326 Tu
1022 2263 1056 2326 in
1068 2266 1150 2330 coelo
1163 2272 1298 2357 angelos

129 2377 161 2428 et
176 2366 378 2453 archangelos
395 2389 451 2429 suo
467 2366 525 2429 tibi
550 2365 660 2429 ordine
675 2366 858 2451 mancipari,
874 2378 906 2430 et
926 2366 960 2429 in
975 2366 1090 2430 veteris
1108 2375 1297 2439 testamenti

128 2468 296 2556 privilegio
316 2470 448 2554 Moysen
464 2482 496 2532 et
512 2469 621 2532 Aaron
637 2480 669 2531 ct
687 2467 847 2546 Samuhel,
863 2468 946 2534 inter
961 2492 1013 2533 eos
1028 2469 1062 2532 in
1078 2475 1297 2542 sacerdotibus

129 2570 191 2634 tuis
205 2572 260 2658 qui
279 2572 427 2636 invocant
442 2595 558 2636 nomen
581 2584 683 2649 tuum,
700 2571 890 2657 patriarchas
905 2585 937 2636 et
957 2573 1135 2660 prophetas,
1152 2581 1295 2668 perungi

129 2674 290 2755 ordinasti,
316 2676 349 2739 in
370 2699 453 2739 novo
477 2700 531 2762 per
556 2674 676 2738 Filium
700 2686 790 2738 tuum
813 2675 924 2740 desum
947 2675 1107 2740 Christum
1133 2684 1295 2765 apostolos

128 2791 248 2841 sanctos
263 2803 304 2841 ex
319 2779 432 2841 sanctis
448 2778 594 2841 omnibus
610 2776 743 2862 elegisti,
759 2777 898 2864 primum
916 2779 1044 2843 Petrum
1060 2782 1241 2866 apostolum
1258 2787 1293 2851 in

129 2878 275 2943 cathedra
295 2880 433 2957 honoris,
450 2893 482 2943 et
502 2878 646 2941 Mathian
661 2878 801 2962 ejusdem
827 2894 1000 2946 consortem
1021 2881 1055 2945 in
1076 2886 1293 2970 apostolatum

129 2991 223 3065 atque
246 2982 424 3046 cathedram
448 2981 576 3046 honoris
600 2983 799 3060 enumerasti,
825 2997 857 3047 et
885 2984 920 3048 in
949 3008 1081 3050 numero
1107 3000 1291 3056 sanctorum

130 3083 272 3147 omnium
288 3085 498 3173 apostolorum
513 3084 660 3164 evocasti,
676 3098 709 3149 et
722 3097 760 3149 ut
777 3086 914 3173 Spiritus
930 3088 1063 3153 Sanctus
1077 3088 1123 3154 ait
1136 3114 1196 3177 per
1217 3117 1291 3180 pro-

132 3185 278 3273 phetam:
303 3188 337 3251 in
361 3186 508 3251 cathedra
527 3187 684 3251 seniorum
708 3187 838 3251 laudent
863 3188 1057 3254 Dominum:
1081 3190 1192 3256 divino
1207 3210 1293 3261 nutu

130 3312 216 3376 aeque
232 3291 270 3354 de
283 3292 351 3355 aliis
365 3290 431 3354 haec
446 3292 546 3378 adque
558 3291 627 3354 aliis
642 3290 852 3376 contigerunt.
899 3293 941 3357 Et
955 3316 1051 3371 nunc,
1065 3293 1214 3376 Domine,
1230 3322 1291 3384 pro

131 3407 185 3457 tua
199 3392 350 3460 immensa
370 3394 581 3459 misericordia
601 3394 635 3457 in
651 3392 763 3458 nostris
781 3395 984 3481 temporibus,
1001 3395 1041 3458 da
1061 3396 1196 3462 similem
1217 3425 1290 3488 gra-

129 3497 206 3562 tiam
231 3497 318 3563 fratri
338 3511 443 3563 nostro
465 3499 525 3578 111,
547 3498 587 3562 ad
610 3497 707 3561 instar
727 3509 903 3561 sanctorum
924 3499 1134 3584 apostolorum
1158 3512 1290 3570 tuorum

129 3602 304 3668 sedentium
331 3604 364 3667 in
395 3603 541 3667 cathedra
570 3601 698 3665 honoris
722 3612 754 3664 et
783 3600 958 3686 dignitatis,
989 3613 1025 3665 ut
1054 3601 1088 3664 in
1118 3619 1292 3691 conspeetu

130 3706 297 3792 majestatis
311 3720 372 3771 tuae
387 3707 501 3793 dignus
515 3706 633 3770 honore
648 3716 803 3789 appareat.
851 3703 910 3766 Per
925 3701 1069 3767 eundem.

173 3810 309 3876 Domine
327 3812 406 3877 Jesu
421 3810 554 3888 Christe,
570 3820 606 3872 tu
626 3804 812 3894 praeelegisti
827 3806 980 3890 apostolos
995 3818 1075 3885 tuos,
1091 3819 1128 3871 ut
1143 3808 1290 3880 doctrina

128 3934 183 3977 sua
202 3913 292 3978 nobis
311 3926 484 4002 preessent,
500 3913 544 3977 ita
559 3911 653 3975 etiam
674 3909 744 3972 vice
764 3908 973 3994 apostolorum
995 3907 1081 3974 hunc
1103 3910 1288 4001 episcopum

128 4014 302 4080 doctrinam
325 4017 445 4094 docere,
462 4028 494 4079 et
512 4013 706 4090 benedicere,
722 4024 755 4075 et
773 4009 898 4075 erudire
919 4010 1068 4098 digneris,
1085 4025 1121 4076 ut
1143 4013 1288 4084 inmacu.

129 4115 223 4180 latam
239 4118 336 4182 vitam
353 4130 385 4182 et
399 4117 528 4179 inlesam
544 4125 715 4178 conservet.
763 4113 821 4175 Per
837 4112 951 4175 omnia.
