2866 4934
564 412 862 458 nnunnrcrrouns.
1251 395 1291 454 93

180 561 221 624 Et
248 565 302 649 qui
326 565 417 627 illum
439 565 513 643 feeit
532 590 691 630 coruscare
717 566 883 643 miraculis,
906 588 961 628 vos
985 577 1116 628 exornet
1138 565 1292 628 bonorum

136 684 263 746 operum
280 665 488 729 incrementis.
535 669 649 730 Amen.

182 765 250 843 Quo
266 768 331 850 ejus
346 769 498 854 exemplis
514 771 640 847 eruditi,
663 783 694 833 et
716 771 934 834 intercessione
949 769 1077 846 muniti,
1094 770 1183 852 cujus
1198 768 1291 853 depo-

135 867 256 931 sitionis
280 870 363 933 diem
389 872 549 935 celebratis
573 872 606 935 in
633 873 732 950 terrie,
755 873 802 935 illi
825 873 946 959 possitis
970 872 1140 935 incoelesti
1162 871 1291 956 regione

135 970 275 1056 adjungi.
321 973 436 1036 Arnen.

182 1075 274 1153 Quod
290 1077 364 1162 ipse.
410 1077 525 1141 Arnen.
616 1079 808 1142 Benedictio.

379 1252 422 1312 In
438 1251 542 1314 natale
557 1253 648 1314 anias
672 1253 816 1337 Virginis.
862 1251 1048 1315 Benedictio.

178 1385 350 1449 Benedicat
365 1410 420 1450 vos
437 1387 532 1465 Deus,
550 1388 605 1472 qui
625 1390 715 1453 beate
730 1388 849 1475 virgini
869 1389 917 1451 lll.
934 1386 1085 1450 concessit
1099 1399 1131 1450 et
1146 1386 1289 1450 decorem

134 1488 325 1574 virginitatis
341 1502 372 1552 ct
387 1490 520 1576 gloriam
536 1492 692 1577 passionis.
739 1491 854 1555 Amen.

179 1592 221 1654 Et
256 1593 345 1676 cujus
380 1593 586 1678 opitulatione
616 1594 670 1657 illa
700 1595 814 1657 meruit
844 1607 876 1658 et
906 1617 997 1657 sexus
1027 1593 1229 1679 fragilitatem
1259 1605 1291 1655 et

133 1696 385 1780 persequentium
426 1697 545 1759 rabiem
584 1697 759 1774 devincere,
796 1721 851 1761 vos
890 1697 1014 1783 possitis
1050 1710 1081 1759 et
1116 1708 1289 1758 vestrorum

134 1819 298 1882 corporum
325 1798 494 1861 inlecebras
524 1812 556 1862 ct
585 1800 707 1885 antiqui
736 1800 833 1863 hostis
863 1799 1115 1863 machinamenta
1137 1822 1289 1885 superare.

135 1898 249 1963 Amffl.

179 2002 248 2080 Quo
279 2001 358 2064 sicut
384 2002 437 2064 illa
463 2025 540 2065 sexu
564 2003 669 2089 fragili
692 2004 784 2067 virile
808 2006 875 2068 nisa
901 2018 947 2068 est
971 2017 1126 2068 certamen
1153 2004 1192 2066 de
1219 2003 1289 2066 hos·

133 2104 217 2168 tibus
243 2104 447 2190 triumphare,
476 2106 519 2168 ita
540 2130 595 2169 vos
621 2107 655 2168 in
681 2107 740 2169 hac
766 2109 955 2171 mortalitate
981 2107 1123 2170 viventes
1149 2107 1287 2183 valeatis,

134 2223 165 2268 et
191 2207 355 2292 antiquum
379 2208 500 2271 hostem
525 2209 700 2286 devincere,
725 2222 757 2272 ct
783 2210 823 2272 ad
847 2233 944 2295 regna
970 2209 1094 2272 celestia
1117 2210 1288 2295 pervenire.

136 2309 251 2374 Arnen.

179 2413 271 2491 Quod
286 2413 359 2499 ipse.
406 2413 521 2476 Amen.
612 2414 804 2478 Benedictio.

325 2587 502 2649 Benedictio
518 2588 551 2650 in
567 2588 670 2650 natale
680 2587 894 2672 plurimorum
909 2585 1100 2670 Martyrum.

178 2721 349 2786 Benedicat
363 2746 419 2786 vos
435 2722 520 2785 Deus
535 2724 696 2786 beatorum
712 2735 886 2808 martyrum
902 2745 1028 2785 suorum
1052 2722 1100 2784 Ill.
1121 2719 1286 2807 suffragiis

134 2835 165 2886 ct
180 2825 292 2888 liberet
306 2827 345 2889 ab
360 2826 600 2889 adversitatibus
615 2825 742 2888 cunctis.
789 2826 903 2889 Amen.

160 2933 163 2940 ’
178 2928 384 2993 Commendet
396 2953 451 2992 vos
463 2953 570 2992 eorum
586 2929 762 2992 intercessio
774 2929 918 3015 gloriosa,
930 2951 1062 3015 quorum
1078 2928 1111 2990 in
1122 2940 1288 3012 conspectu

134 3031 199 3113 ejus
215 3046 261 3096 est
275 3057 357 3097 mors
372 3034 514 3120 pretiosa.

178 3134 225 3198 Ut
236 3137 316 3198 sicut
331 3137 378 3199 illi
393 3161 449 3222 per
460 3137 581 3199 diversa
596 3148 823 3198 tormentorum
838 3158 953 3222 genera
968 3134 1099 3197 coelestis
1111 3134 1200 3220 regni
1216 3148 1288 3198 sunt

133 3237 235 3300 sortiti
258 3239 475 3316 hereditatem,
492 3239 536 3301 ita
556 3262 611 3301 vos
637 3239 821 3301 mereamini
844 3237 1034 3302 consortium
1057 3261 1112 3322 per
1132 3239 1286 3302 bonorum

133 3362 261 3423 operum
278 3340 514 3403 exhibitionem.
560 3339 675 3401 Amen.

178 3441 269 3520 Quod
284 3442 357 3527 ipse.
404 3442 518 3505 Amen.
609 3441 801 3504 Benedictio.

283 3615 327 3676 In
342 3613 445 3677 natale
455 3614 669 3698 plurimorum
689 3611 910 3698 Consenserunt.
956 3611 1141 3674 Benedictio.

181 3750 364 3813 Sanctorum
380 3748 588 3811 confessorum
605 3770 730 3810 suorum
748 3747 797 3809 Ill.
813 3745 932 3809 meritis
947 3767 1002 3808 vos
1024 3744 1179 3808 Dominus
1196 3745 1288 3808 faciat

133 3852 286 3929 benedici,
303 3866 334 3916 et
350 3865 457 3915 contra
473 3849 578 3913 omnia
594 3849 721 3912 adversa
736 3872 844 3911 eorum
859 3847 1077 3910 intercessione
1092 3848 1218 3910 muniri.

179 3955 298 4017 Eorum
321 3979 377 4018 vos
401 3954 515 4019 efficiat
540 3951 688 4037 suffragio
712 3951 825 4029 felices,
847 3973 978 4035 quorum
1004 3947 1181 4013 festivitatis
1203 3951 1286 4014 diem

134 4058 293 4122 celebratis
309 4071 446 4121 ovantes.
491 4056 606 4118 Amen.

179 4162 248 4240 Quo
271 4185 379 4223 eorum
404 4159 562 4222 imitantes
586 4156 730 4242 exempla
754 4157 794 4220 ad
819 4154 953 4220 coelestia
979 4156 1141 4242 pervenire
1165 4157 1287 4244 possitis

132 4265 290 4350 promissa.
337 4266 451 4326 Amen.

180 4368 271 4446 Quod
286 4369 359 4453 ipse.
405 4368 521 4430 Amen.
610 4363 803 4427 Benedictio.
