2866 4934
167 375 208 433 52
502 391 747 438 rouruucnnn
763 390 983 439 nconnnnrr.

167 543 278 607 mundi
294 545 527 629 perturbatione
543 546 712 633 qumiutur,
734 547 788 611 sod
808 544 979 633 apostolice
1003 545 1052 611 sit
1069 570 1208 635 semper
1229 543 1338 609 institu-

166 647 252 711 tione
268 646 367 725 firmc,
384 662 415 711 et
430 649 463 712 in
480 662 534 714 tua
546 650 777 715 interventione
792 672 906 714 secure.
954 648 1031 712 Per.

697 824 786 887 Atia.

212 956 307 1033 Deus,
324 958 378 1043 qui
390 958 457 1021 loea
468 957 590 1020 nomini
606 972 661 1021 tuo
677 958 780 1023 diests
795 955 980 1034 sanctificas,
1007 969 1045 1022 et
1061 958 1334 1024 benedictionibus

165 1059 227 1123 tuis
242 1060 374 1124 dicenda
389 1061 545 1147 proeecdis,
562 1076 674 1147 presta,
702 1082 886 1147 quesumus,
914 1070 949 1122 ut
976 1060 1073 1145 quod
1089 1062 1193 1127 beato
1209 1060 1332 1150 apostolo

166 1176 221 1227 tuo
233 1164 294 1241 Ill.,
312 1163 445 1228 famulus
460 1178 532 1228 tuus
548 1163 596 1228 Ill.
612 1163 721 1228 hocin
736 1164 868 1228 redificio
889 1162 1077 1248 deputavit,
1096 1164 1206 1253 digno
1221 1165 1251 1230 ei
1268 1187 1330 1252 pre

165 1282 291 1355 peretur
306 1268 418 1332 officio
466 1269 532 1332 Per.

630 1441 731 1527 Super
746 1442 857 1504 oblato.

208 1576 363 1638 Votorum
400 1586 575 1637 nostrorum
600 1598 725 1653 munus,
754 1596 927 1662 quaesumus
958 1573 1119 1655 Domine,
1148 1577 1328 1666 propitiatis
1414 1590 1417 1615 ²

165 1700 295 1755 assume,
311 1692 348 1741 ut
372 1678 486 1741 talibus
501 1677 660 1741 sacrifieiis
683 1692 839 1755 exoratus,
867 1690 899 1741 et
922 1676 1039 1740 nostris
1055 1679 1193 1744 veniam
1216 1679 1328 1746 delictis

165 1781 334 1869 impertias,
348 1796 379 1844 et
393 1780 487 1866 hujus
497 1782 689 1846 tabemneuli
705 1805 746 1846 ex
762 1797 792 1846 te
805 1779 987 1846 sanctificet-i
1004 1783 1213 1850 orationibus
1227 1807 1326 1850 cumu-

164 1885 245 1951 latus
259 1886 416 1950 exaudias
464 1886 531 1948 Per.

563 2058 639 2121 Post
661 2061 910 2123 eornmunioncm.

208 2195 409 2273 Sanctificati‚
427 2195 573 2273 Domine,
589 2195 715 2259 salutan'
730 2195 889 2280 mysterio,
905 2215 1096 2279 quaesumus,
1113 2208 1155 2261 ut
1169 2221 1228 2285 pro
1242 2197 1324 2262 nobis

162 2323 225 2365 non
241 2301 321 2366 desit
343 2299 453 2375 oratio,
475 2322 607 2384 quorum
624 2321 680 2360 nos
695 2298 817 2361 donasti
832 2295 1005 2384 patrocinio
1024 2298 1217 2383 gubernari.
1260 2301 1323 2366 Per.
1422 2313 1423 2316 ’

596 2470 697 2554 Super
713 2471 878 2556 populum.

206 2609 394 2696 Multiplices,
411 2629 585 2693 quaesumus
601 2605 748 2684 Domine,
765 2605 1016 2671 benedictionem
1031 2616 1125 2671 tuam
1141 2632 1240 2697 super
1261 2632 1323 2687 nos,

162 2728 193 2779 et
216 2715 327 2801 spiritu
348 2712 395 2777 tui
415 2709 553 2773 muneris
574 2709 668 2772 fidem
692 2724 829 2773 nostram
855 2708 1026 2784 corrobora,
1046 2720 1080 2772 et
1100 2724 1223 2796 presta,
1246 2737 1323 2800 quae·
1345 2716 1352 2737 x

161 2840 267 2880 sumus
284 2816 431 2892 Domine,
447 2825 483 2876 ut
498 2813 553 2899 qui
568 2813 621 2875 hic
637 2811 770 2876 fideliter
790 2820 1015 2888 convenerunt,
1031 2833 1085 2875 eos
1100 2812 1138 2876 in
1154 2816 1240 2881 libro
1255 2816 1324 2881 vitae

162 2919 295 2983 adscribi
317 2919 437 3000 jubeas,
472 2928 504 2980 et
529 2916 569 2979 ad
592 2939 725 3002 regnum
750 2928 841 2980 tuum
875 2915 997 2979 eoeleste
1023 2916 1127 2980 securi
1158 2921 1325 3005 pervenire
1427 3001 1428 3006 η

160 3032 348 3083 mereantur.
396 3020 463 3080 Per.

161 3277 254 3342 ITEM
277 3289 500 3340 BENEDIOTIO
522 3294 570 3337 AB
601 3293 770 3341 EPISOOPO
792 3295 955 3342 DICENDA
994 3292 1109 3340 SUPER
1142 3295 1324 3349 POPULUM

469 3396 510 3441 IN
532 3396 781 3443 DEDICATIONE
804 3398 997 3446 AEccnnsln.

203 3556 334 3631 inclina,
352 3552 498 3630 Domine,
514 3576 621 3616 aurem
638 3565 724 3615 tuam
741 3552 780 3614 ad
797 3576 857 3630 me,
874 3565 907 3616 et
921 3549 1035 3615 exaudi
1051 3573 1117 3614 me:
1141 3555 1268 3641 respice
1283 3557 1323 3621 de

158 3663 246 3739 coeio,
264 3659 397 3733 Christe,
414 3679 509 3742 super
524 3679 653 3742 gregem
670 3667 702 3718 et
717 3677 814 3739 agnos
830 3668 908 3718 tuos.
954 3653 1070 3717 Amen.

204 3764 332 3849 Porrige
347 3781 476 3821 manum
493 3771 579 3820 tuam
597 3781 689 3843 super
704 3757 796 3842 ipsos,
813 3769 845 3821 et
859 3758 992 3822 benedic
1007 3779 1136 3841 corpora
1152 3770 1187 3822 et
1198 3761 1323 3826 animes

158 3877 320 3945 eorum‚ut
331 3865 364 3926 in
376 3861 531 3925 consortio
543 3874 719 3926 sanctorum
732 3860 886 3946 accipiant
894 3857 1146 3924 benedictionem
1159 3861 1321 3943 celestem,

158 3968 265 4035 lumen
280 3965 469 4054 angelicum,
489 3963 640 4050 Spiritum
654 3966 803 4030 Sanctum
821 3963 1020 4027 Paraclitum.
1065 3960 1184 4026 Amen.

203 4073 265 4151 Qui
276 4095 317 4135 ex
329 4090 408 4153 aqua
417 4077 448 4128 et
467 4066 586 4151 Spiritu
604 4068 718 4131 Sancto
734 4077 806 4128 sunt
821 4065 931 4142 renati,
942 4064 996 4150 qui
1011 4062 1147 4148 pretioso
1162 4069 1322 4155 sanguine

156 4182 212 4234 tuo
227 4174 260 4234 in
276 4186 357 4235 terra
372 4182 445 4231 sunt
454 4168 624 4250 conparati,
637 4168 692 4253 qui
704 4168 829 4253 signum
846 4182 948 4243 tuum,
963 4164 1097 4241 Christe,
1110 4164 1146 4227 in
1155 4167 1320 4236 frontibus

157 4294 263 4334 eorum
294 4279 490 4355 aeceperunt,
516 4279 586 4328 tuos
610 4291 673 4331 esse
698 4269 848 4331 concedas
872 4269 906 4330 in
936 4268 987 4330 die
1013 4265 1141 4350 judicii,
1173 4282 1208 4334 et
1239 4297 1320 4359 quos

154 4372 287 4455 pretioso
302 4370 453 4453 sanguine
468 4368 639 4445 redemisti,
655 4369 689 4431 in
704 4380 760 4439 tuo
775 4392 872 4454 regno
883 4370 993 4453 jubeas
1002 4367 1143 4431 adunari.
1192 4374 1317 4441 Amen,
