2866 4934
66 4304 91 4355 ,..

564 420 864 468 BENEDICTIONES.

327 691 495 755 Dominicc
510 694 567 779 iiij.
583 695 617 757 in
632 696 877 780 quodropeeimc.
922 693 1108 756 Benedictio.

181 824 276 904 Deus,
313 828 368 913 qui
415 852 471 892 vos
508 830 548 892 ad
584 831 776 915 presentium
814 828 1128 916 quadragesimalium
1165 828 1286 891 dicrum
1369 843 1374 851 “

134 928 333 993 medietatem
368 931 515 1017 dignatus
548 945 595 996 est
624 935 803 1021 perducere,
834 934 900 1020 ipse
924 956 980 996 vos
1004 955 1058 996 sua
1088 932 1286 997 miseratione

134 1029 284 1116 dignetur
298 1033 492 1098 benedicere.
538 1036 655 1099 Amen.

179 1133 412 1199 Abstinentiam
437 1149 570 1201 vestram
595 1140 775 1225 preteritam
806 1149 956 1225 acceptet,
987 1138 1124 1202 futuram
1154 1138 1199 1201 ita
1228 1139 1287 1202 sibi

133 1235 280 1320 placitam
296 1239 416 1316 reddat,
430 1253 467 1302 ut
482 1241 562 1303 sicut
577 1242 615 1304 ab
630 1242 760 1306 inlicitis
781 1242 869 1319 cibis,
891 1242 935 1304 ita
959 1265 1015 1305 vos
1039 1241 1137 1304 etiam
1157 1265 1174 1303 a
1199 1242 1285 1305 vitiis

133 1340 278 1404 omnibus
293 1342 446 1406 abstinere
462 1343 620 1407 concedat.
666 1345 782 1408 Amen.

180 1442 272 1522 Quod
287 1445 326 1508 de
341 1445 496 1532 preteritis
512 1458 543 1508 et
567 1445 605 1509 de
632 1445 744 1510 futuris
764 1446 951 1533 spiritalium
979 1446 1199 1510 charismatum
1223 1446 1286 1510 fru-

131 1545 225 1631 gibus
240 1547 269 1610 ei
284 1562 386 1633 grates
401 1548 611 1634 persolventes
627 1550 666 1613 ad
681 1562 823 1613 sanctum
849 1549 966 1612 Pascha
982 1550 1145 1635 pervenire
1161 1550 1285 1636 possitis

133 1648 326 1735 indempnes.
372 1653 488 1715 Arnen.

181 1753 272 1832 Quod
287 1755 351 1840 ipse
366 1767 510 1839 prestare.
557 1754 671 1818 Amen.
719 1755 912 1819 Benedictio.

406 1927 577 1990 Dominicc
592 1952 619 1991 e.
636 1929 722 2014 infra
736 1941 794 1990 XL.
838 1928 1024 1991 Benedictio.

179 2058 342 2124 Accendat
357 2061 390 2123 in
406 2062 494 2124 vobis
510 2062 665 2126 Dominus
680 2064 746 2126 vim
759 2063 807 2126 sui
823 2062 946 2139 amorio,
963 2074 999 2126 ut
1019 2086 1075 2148 per
1090 2064 1283 2148 jejuniorum

136 2164 365 2228 observantiam
380 2164 528 2227 infundat
543 2165 576 2226 in
592 2165 680 2228 vobis
696 2165 815 2228 donum
831 2189 892 2228 suae
907 2165 1145 2229 benedictionis.

182 2267 234 2330 Sic
249 2267 278 2330 ei
301 2267 490 2353 parsimonie
514 2268 657 2331 victimas
684 2267 830 2345 offeratis,
858 2281 894 2330 ut
919 2268 1047 2331 contriti
1073 2280 1104 2332 et
1128 2269 1228 2332 cordis
1254 2282 1286 2333 et

134 2370 320 2434 humilitatis
336 2368 486 2434 sacrificio
501 2369 655 2455 placeatis.
701 2371 817 2433 Amen.

180 2474 338 2552 Quatenus
357 2473 455 2536 oratio
471 2485 571 2536 vestra
582 2470 697 2556 jejunii
713 2486 745 2536 et
760 2472 927 2536 elemosine
942 2472 998 2535 alis
1013 2473 1170 2551 subvecta,
1186 2473 1231 2537 ita
1246 2475 1286 2538 ad

136 2599 223 2639 aures
238 2577 332 2639 vestri
348 2577 518 2639 conditoris
533 2575 687 2653 ascendat,
698 2589 734 2640 ut
743 2599 799 2639 vos
808 2589 920 2639 aeterne
929 2575 1132 2639 beatitudinis
1147 2576 1284 2655 heredes,

135 2692 167 2742 et
182 2702 385 2765 supernorum
402 2679 520 2742 civium
536 2690 690 2742 consortes
705 2679 828 2742 efficiat.
874 2678 988 2742 Amen.

182 2782 274 2861 Quod
285 2781 351 2869 ipse
366 2793 510 2867 prestare.
557 2781 672 2844 Amen.
718 2780 912 2851 Benedictio,
957 2780 1073 2844 Amen.

410 2990 454 3052 In
468 2990 565 3051 runcis
574 2987 768 3074 palmorum.
813 2987 1002 3051 Benedictio

180 3143 351 3207 Benedicat
366 3166 420 3206 vos
438 3142 644 3229 Omnipotens
657 3142 752 3219 Deus,
764 3141 815 3205 cui
824 3155 856 3206 et
861 3141 1055 3226 jejuniorum
1067 3142 1285 3221 maceratione,

136 3261 167 3312 et
181 3247 371 3334 presentium
387 3247 509 3310 dierum
525 3245 739 3310 observatione
753 3245 874 3331 placere
890 3245 1029 3309 studetis.
1075 3246 1190 3310 Amen.

181 3351 400 3434 Concedatque
423 3349 523 3426 vobis,
548 3362 585 3411 ut
607 3349 688 3411 sicut
713 3348 743 3411 ei
758 3371 830 3411 cum
857 3348 950 3410 ramis
973 3348 1147 3433 palmarum
1172 3361 1286 3413 cetera-

136 3476 247 3517 rumve
262 3452 421 3516 frondium
436 3450 606 3537 presentari
628 3449 800 3527 studuistis,
812 3450 857 3513 ita
875 3473 947 3512 curn
968 3451 1072 3534 palma
1083 3450 1231 3527 victoriae,
1255 3465 1287 3516 et

136 3556 240 3620 fructu
255 3556 408 3620 bonorum
420 3577 560 3640 operum,
574 3565 605 3617 et
620 3565 690 3638 post
704 3551 825 3615 obitum
841 3575 988 3639 apparere
999 3553 1136 3617 valeatis.
1171 3554 1286 3617 Amen.

183 3659 307 3745 Quique
338 3657 507 3743 Unigeniti
533 3656 609 3720 Filii
639 3655 706 3739 ejus
729 3655 902 3740 passionem
926 3679 1007 3740 puro
1031 3655 1124 3719 eorde
1151 3656 1286 3728 creditis,

136 3775 242 3827 mente
266 3763 380 3827 devota
403 3760 544 3825 venerari
568 3759 709 3836 studetis,
731 3757 771 3820 ad
791 3758 1022 3821 resurrectionis
1049 3758 1115 3840 ejus
1141 3757 1227 3833 festa,
1256 3772 1288 3822 et

137 3878 246 3929 vestrae
281 3864 540 3928 remunerationis
565 3862 685 3948 premia
711 3860 795 3922 illius
825 3860 896 3923 l'ulti
933 3860 1110 3925 munimine
1145 3860 1287 3925 veniatis.

140 3969 256 4031 Amen.

184 4072 275 4152 Quod
290 4072 365 4157 ipse.
411 4069 526 4133 Amen.
573 4065 767 4131 Benedictio.

434 4243 515 4305 Item
530 4242 595 4305 clio
611 4239 779 4302 benedictio
788 4239 820 4301 in
836 4239 991 4303 Puaeione.

185 4381 390 4468 Omnipotens
416 4380 509 4457 Deus,
537 4378 591 4464 qui
623 4374 792 4460 Unigeniti
822 4376 870 4439 sui
896 4377 1035 4462 passione
1061 4375 1172 4440 tribuit
1202 4378 1289 4440 vobis
