2866 4934
152 392 193 455 78
490 409 737 457 ronrrrrcans
754 409 975 457 scanssnrr.

197 562 299 625 Actus
313 574 432 625 vestros
447 564 593 651 corrigat,
605 566 703 629 vitam
722 566 877 642 emendet,
893 588 998 628 mores
1013 578 1214 652 componat,
1228 577 1261 630 et
1274 587 1322 627 vos
1370 616 1374 627 .

151 664 191 727 ad
206 663 338 728 coelestis
352 666 486 750 paradisi
502 667 708 732 hereditatem
723 668 882 754 perducat.
927 668 1053 732 Amen.

195 767 327 853 'l'aliquc
336 768 510 833 intentione
525 770 638 858 repleri
648 771 778 835 valeatis
787 794 849 857 qua
860 770 889 834 ei
903 771 939 833 in
949 783 1159 858 perpetuum
1170 771 1321 860 placeatis.

152 868 267 935 Amen.

196 973 285 1053 Quod
303 972 377 1059 ipse.
424 975 538 1039 Arnen.
586 976 779 1041 Benedictio.

195 1282 403 1347 Devotionem
418 1299 553 1349 vestram
570 1284 724 1350 Dominus
740 1287 905 1373 dignanter
921 1285 1083 1367 intendat,
1101 1301 1138 1353 et
1155 1311 1222 1354 suae
1237 1289 1320 1354 vobis

152 1378 377 1451 benedictionis
392 1387 473 1451 dona
489 1389 647 1452 concedat.
694 1389 809 1452 Arnen.

196 1489 327 1574 ‘salique
343 1511 397 1551 vos
413 1489 446 1552 in
461 1491 598 1575 presenti
614 1491 723 1555 sacculo
738 1491 875 1555 subsidio
895 1490 1031 1569 muniat,
1048 1504 1089 1556 ut
1107 1493 1254 1580 paradisi
1267 1518 1319 1558 vos

152 1591 185 1654 in
202 1592 306 1654 l'uturo
321 1591 511 1673 habitatores
525 1593 649 1657 efficiat.
693 1593 811 1657 Amen.

197 1693 309 1779 Sicquo
336 1694 428 1758 corda
452 1707 555 1759 vestra
581 1694 802 1761 sanctificando
827 1695 1002 1774 benedicat,
1029 1710 1064 1761 et
1095 1700 1318 1766 benedicendo

149 1796 331 1875 sanctificet,
347 1809 384 1861 ut
398 1798 560 1862 vobiscum
576 1798 674 1861 immo
688 1798 722 1862 in
738 1799 827 1863 vobis
837 1798 958 1885 jugiter
971 1798 1121 1867 habitare
1137 1804 1287 1869 delectet.

195 1902 285 1983 Quod
303 1902 376 1989 ipse.
423 1902 537 1966 Arnen.
584 1901 776 1965 Benedictio.

455 2092 551 2156 Faria
566 2115 593 2155 a.
634 2092 812 2155 Benedictio
828 2092 991 2156 cotidiana.

194 2227 258 2293 Det
272 2228 361 2293 vobis
386 2228 541 2294 Dominus
564 2250 695 2292 munera
715 2251 777 2292 suae
800 2226 1038 2307 benedictionis,
1054 2241 1089 2295 et
1113 2233 1243 2319 repleat
1265 2257 1319 2297 vos

149 2332 261 2419 spiritu
276 2333 417 2397 veritatis
432 2345 463 2396 et
478 2333 571 2419 pacis.

196 2436 349 2516 Quotinus
379 2436 422 2498 sic
451 2459 506 2520 per
532 2435 617 2497 viam
648 2433 756 2497 salutis
791 2434 904 2500 devota
932 2447 1040 2499 mente
1069 2452 1251 2519 currentes,
1282 2454 1317 2505 ut

149 2538 388 2625 subripientium
405 2538 589 2601 delictorum
605 2538 729 2622 laqueos
745 2537 907 2602 salubriter
922 2537 1070 2602 evadatis.

196 2640 308 2728 Sicque
334 2640 513 2705 efficiamini
536 2641 570 2704 in
594 2641 661 2725 ejus
685 2641 911 2728 supplicatione
937 2640 1055 2719 devoti,
1082 2655 1116 2705 et
1141 2643 1179 2706 in
1204 2660 1316 2710 mutua

149 2743 317 2809 dilectione
332 2744 453 2823 sinceri,
470 2757 506 2809 ut
521 2744 561 2808 ad
576 2744 698 2809 coeleste
713 2766 847 2829 regnum
868 2742 1031 2831 pervenire
1051 2746 1183 2831 possitis
1204 2749 1316 2814 securi.

151 2846 266 2911 Amen.

196 2952 286 3030 Quod
301 2951 377 3039 ipso.
424 2952 538 3016 Amen.
585 2949 779 3014 Benedictio

649 3123 745 3187 Faria
760 3124 800 3208 vj.

193 3256 364 3322 Benedicat
387 3282 442 3323 vos
459 3259 665 3346 Omnipotens
681 3260 778 3339 Deus,
806 3273 837 3324 et
864 3271 983 3324 mentes
1009 3269 1128 3324 vestras
1153 3262 1198 3329 ab
1224 3266 1315 3330 omni

147 3374 235 3425 reatu
258 3361 384 3425 malitioe
408 3374 537 3448 separet,
555 3374 587 3425 et
603 3375 719 3448 prestet
734 3363 824 3427 vobis
837 3363 919 3427 velle
938 3362 1022 3448 quod
1035 3365 1194 3450 precepit,
1212 3368 1314 3433 tribu-

148 3477 241 3551 atque
272 3465 356 3551 quod
386 3477 518 3551 oportet,
550 3477 581 3527 et
611 3464 698 3527 omni
728 3487 783 3527 vos
817 3465 900 3529 bono
930 3464 1117 3551 spiritalium
1149 3468 1313 3536 virtutum

148 3567 325 3656 locupletet.

193 3672 240 3737 Ut
265 3696 320 3736 vos
346 3673 379 3735 in
406 3671 469 3734 fide
493 3670 606 3749 firmet,
632 3671 665 3733 in
692 3671 926 3734 conversatione
953 3671 1094 3758 castiget,
1122 3672 1159 3737 in
1186 3676 1313 3746 virtute

148 3775 346 3861 multiplicet,
372 3775 406 3838 in
431 3773 579 3836 firmitate
601 3773 728 3852 relevet,
752 3773 786 3836 in
811 3774 969 3838 anxietate
993 3772 1140 3855 latificet,
1166 3779 1204 3843 in
1224 3805 1314 3869 pros.

147 3877 278 3962 peritate
311 3890 464 3965 preparet,
502 3877 589 3939 omni
623 3876 790 3962 iniquitate
825 3877 984 3956 emundet,
1020 3877 1054 3939 in
1087 3884 1314 3968 tranquilitate

146 3981 303 4059 sublimet,
320 3993 352 4044 et
366 3982 406 4044 ad
421 3979 520 4043 vitam
535 3990 682 4042 aeternam
694 3977 853 4064 perducat.

193 4082 330 4146 Gratiam
366 4106 454 4147 suam
489 4081 578 4145 vobis
612 4080 769 4157 infundet,
806 4077 923 4143 offensa
959 4081 1134 4167 indulgeat,
1173 4088 1313 4157 crimina

148 4181 303 4261 demittat,
339 4182 536 4270 disciplinam
568 4178 704 4268 ingerat,
727 4183 1000 4247 mansuetudinem
1026 4185 1157 4266 tribuat,
1187 4204 1314 4260 correo.

148 4283 266 4345 tionem
283 4286 455 4363 confirmet,
472 4297 504 4347 et
519 4291 617 4348 vitam
633 4285 800 4370 perfectam
817 4299 986 4350 conservet.

194 4384 283 4460 Quod
299 4384 372 4469 ipsc.
418 4386 609 4449 Benedictio.
