2866 4934
136 409 174 471 18
472 429 716 478 roxrmcana
732 425 948 477 accannnrr.

131 579 237 645 fratrea
259 581 306 646 tui
327 583 504 650 ministrum
527 586 587 650 Dei
609 608 673 650 csse
696 584 886 659 ordinatum,
910 580 1028 666 utqui
1049 579 1088 644 in
1110 578 1289 643 diaconatus

129 683 302 751 ministerio
314 709 345 751 es
357 688 553 768 constitutus,
567 689 698 754 laevitice
707 689 786 753 bene
796 689 836 770 *l*
846 683 992 749 dictionis
1003 682 1124 747 ordine
1135 682 1287 754 clarescas,

128 800 160 850 et
175 787 305 874 spiritali
320 792 552 856 conversatione
567 792 745 880 prefulgens
760 789 860 878 gratia
879 784 1144 851 sanctificationis
1158 785 1287 849 eluceat:

129 888 181 953 aad
197 904 229 954 ct
249 891 282 955 in
299 893 423 958 Christo
439 894 518 959 Jesu
538 895 646 959 firmus
666 909 698 959 et
718 894 836 959 stabilis
850 912 1037 979 perseveres,
1055 901 1219 976 quatenus
1231 885 1287 949 hoo

129 992 212 1076 quod
239 995 396 1080 perhanc
423 997 532 1062 stolam
557 996 751 1085 significatur
772 997 806 1059 in
832 995 884 1059 die
909 991 1048 1057 districti
1066 991 1192 1076 judicii
1220 999 1286 1053 enta

129 1093 265 1162 tribunal
282 1099 411 1164 Domini
427 1100 493 1165 sinc
508 1100 630 1166 macula
647 1112 856 1187 representare
870 1097 987 1161 valeas:
1011 1095 1082 1182 ipso
1102 1093 1284 1167 auxiliante,

129 1198 180 1263 cui
195 1213 241 1266 cst
255 1201 355 1269 honor
372 1216 404 1269 et
418 1205 518 1293 gloria
533 1205 567 1268 in
582 1204 692 1270 saecula
706 1203 896 1268 seculorum.
942 1197 1060 1264 Arnen.

129 1371 246 1460 Incipit
256 1398 355 1441 remao
367 1378 540 1442 Innocentii
549 1378 648 1464 Papoe
659 1379 695 1441 de
706 1377 758 1462 aij.
768 1374 915 1463 pradibua
927 1371 1082 1439 AEccleaie
1093 1367 1285 1436 ordinandis.

175 1509 251 1575 Haec
265 1524 369 1576 autem
386 1512 517 1600 singulis
534 1512 683 1600 gradibus
697 1511 889 1578 observanda
909 1521 981 1573 sunt
995 1518 1153 1594 tempora.
1203 1504 1237 1571 Si
1250 1500 1286 1568 ab

129 1609 262 1675 infantia
287 1613 506 1679 aecclesiasticis
535 1616 715 1681 ministeriis
744 1628 850 1680 nostra
884 1611 1031 1678 didicerit
1066 1611 1229 1698 exempla,
1257 1619 1287 1672 et

130 1711 211 1776 inter
225 1713 353 1780 lectores
371 1740 468 1805 usque
486 1718 519 1782 in
534 1719 718 1784 vicesimum
734 1742 851 1783 annum
867 1717 1050 1782 continuata
1068 1713 1288 1779 observatione

129 1816 352 1902 perduraverit.
399 1821 524 1888 Exinde
550 1824 576 1887 si
595 1823 707 1909 majori
727 1823 810 1887 aetati
828 1822 895 1906 jam
921 1817 1094 1896 accesserit,
1116 1817 1163 1882 ita
1182 1829 1286 1882 tamen

129 1934 165 1984 ut
179 1935 249 2007 post
263 1923 453 2010 baptismum
468 1927 573 1990 statim
589 1951 620 1992 se
636 1928 746 1991 divino
761 1924 861 1990 cultui
876 1922 1054 2008 mancipare
1070 1920 1241 1999 desiderat,
1256 1930 1286 1983 et

128 2021 194 2087 sive
209 2025 291 2089 inter
311 2025 440 2092 lectores
460 2030 574 2095 sivein
595 2031 763 2095 exorcistas
777 2028 917 2115 quinque
931 2023 1021 2089 annis
1041 2035 1199 2088 teneatur.
1246 2023 1287 2087 Et

129 2136 205 2190 tunc
234 2127 404 2194 catholicus
434 2133 485 2196 vel
511 2134 717 2198 subdiaconus
747 2143 880 2217 quatuor
909 2127 998 2192 annis
1028 2124 1076 2205 fit,
1108 2138 1142 2190 et
1173 2126 1219 2190 sic
1248 2123 1286 2189 ad

129 2226 378 2297 benedictionem
401 2235 592 2315 diaconatus,
626 2234 824 2308 rimaretur,
849 2231 985 2296 accedat.
1031 2229 1070 2292 In
1091 2251 1156 2315 quo
1177 2228 1287 2293 ordine

129 2332 267 2420 quinque
287 2337 376 2401 annis
402 2338 428 2401 si
450 2339 682 2425 inculpabiliter
703 2335 831 2413 vixerit,
854 2335 961 2399 herere
984 2331 1088 2409 debet,
1110 2343 1149 2396 ut
1175 2332 1288 2397 melius

129 2434 278 2500 inveniat.
325 2439 461 2518 Exinde,
481 2441 722 2528 suffragantibus
739 2439 868 2517 meritis,
885 2438 910 2501 si
921 2435 1040 2501 acutior
1054 2434 1123 2499 vita
1136 2435 1233 2501 illum
1250 2436 1289 2502 ad

130 2535 227 2602 bonos
245 2563 345 2605 mores
365 2543 558 2629 perduxerit,
579 2566 738 2608 summum
762 2541 979 2630 pontificatum
1004 2561 1127 2626 sperare
1145 2539 1286 2620 debobib

130 2639 189 2706 hac
213 2655 318 2710 tamen
345 2646 414 2734 lege
435 2661 564 2727 servata,
588 2671 690 2736 neque
715 2646 870 2734 bigamus,
894 2642 995 2730 nequ'e
1020 2655 1194 2722 revertens,
1221 2644 1288 2709 siva

130 2746 282 2831 penitens
308 2773 326 2812 a
351 2751 498 2815 maximis
527 2751 710 2815 criminibus
739 2750 779 2815 ad
798 2749 855 2813 hoa
870 2747 985 2835 gradus
1013 2745 1111 2832 possit
1137 2744 1288 2824 admitti3

130 2847 269 2932 alioquin
288 2850 461 2915 defensores
483 2854 625 2916 aecclesiae
639 2851 695 2938 qui
710 2876 751 2916 ex
772 2851 858 2916 laicis
873 2849 956 2914 fuint
970 2848 1064 2912 unius
1086 2848 1199 2911 uxoris
1213 2849 1288 2927 viri,

131 2970 186 3033 per
210 2960 257 3013 tot
280 2952 392 3037 grados
413 2953 492 3017 datis
512 2955 636 3042 proprie
659 2954 734 3019 fidei
758 2952 964 3030 documentis,
985 2952 1011 3015 si
1042 2951 1076 3013 in
1108 2951 1291 3037 supradicta

132 3049 347 3117 observatione
369 3066 543 3135 teneantur,
569 3069 601 3121 et
624 3056 650 3120 si
673 3058 739 3122 vita
764 3070 797 3123 et
816 3056 955 3122 moribus
980 3066 1013 3118 et
1036 3053 1166 3118 scientia
1192 3055 1290 3142 scrip·

132 3164 272 3216 turarum
287 3158 469 3237 meruerint,
485 3159 519 3222 in
534 3160 642 3224 ordine
657 3160 819 3227 clericatus
834 3159 998 3225 admittere
1014 3157 1139 3222 debent.

176 3253 298 3323 Deinde
312 3262 402 3325 donet
416 3263 444 3326 ei
457 3263 660 3350 maatpobzm.

438 3575 496 3639 Aa
511 3590 757 3640 camaranum
774 3574 979 3637 Duconcu.

177 3781 337 3846 Diaooaaa
360 3805 428 3846 cam
450 3783 624 3858 ordinator,
650 3780 854 3843 circumdetur
876 3777 942 3863 (vel
962 3773 1205 3860 circumdantur)
1224 3778 1290 3864 ejaa

135 3884 278 3949 lucana
292 3886 414 3950 dacter
424 3884 491 3971 (vel
506 3907 611 3950 aarum
622 3883 743 3947 lameri
755 3880 890 3968 sinistri)
904 3903 972 3944 cam
991 3878 1071 3943 stola
1085 3878 1123 3941 ab
1134 3879 1288 3966 apbocpo,

135 4000 164 4052 at
178 3989 284 4052 tradat
298 3989 325 4050 ei
339 3988 406 4072 (vel
421 3988 479 4073 eia)
492 4000 632 4052 coactam
655 3984 872 4071 Eooapeliam,
888 3994 917 4048 et
931 3983 1013 4045 dicat
1026 3981 1084 4045 eibi
1104 3979 1172 4065 (vel
1191 3981 1289 4068 illa)

136 4090 299 4176 ›IsAcoipe
328 4090 391 4174 (vd
415 4090 562 4177 accipite)
588 4089 673 4154 istud
698 4088 848 4153 volumen
874 4082 1053 4170 Evangelii,
1079 4094 1111 4147 et
1131 4083 1204 4169 lege
1226 4083 1291 4169 (cel

135 4191 258 4278 legite),
280 4205 312 4255 et
334 4192 481 4278 intellege
503 4190 566 4276 (vel
586 4190 787 4277 intellegite),
811 4202 843 4255 et
863 4188 931 4253 aliis
953 4186 1041 4251 trade
1063 4185 1126 4270 (od
1145 4186 1289 4274 tradite),

33 4292 36 4297 ’
138 4309 169 4359 et
184 4308 220 4358 tu
234 4294 297 4378 (ael
311 4294 381 4379 vos)
396 4315 487 4380 opere
502 4292 647 4379 adimple.

181 4396 304 4462 Dciade
318 4396 575 4480 solaa'episcopua,
588 4395 642 4479 qai
657 4416 725 4458 cum
736 4392 802 4476 (vel
813 4393 876 4477 eos)
891 4392 1046 4467 benedicit,
1059 4413 1170 4454 maaca
1193 4413 1289 4476 caper
