2872 5024
526 423 770 470 Pommlcanla
788 421 1006 468 ECGBERHTI.

734 664 824 727 Alia.

246 796 342 874 Deus,
358 798 413 882 qui
436 797 556 861 Filium
578 810 669 862 tuum
692 799 865 862 Dominum
891 808 1033 860 nostrum
1055 797 1167 860 «Iesum
1192 796 1354 860 Christum

200 922 257 985 pro
278 913 383 964 nostra
405 901 503 992 salute
524 902 558 964 in
572 901 658 965 hunc
684 900 839 963 mundum
862 900 985 975 misisti,
1000 911 1037 961 ut
1059 923 1091 962 se
1111 898 1292 961 humiliaret
1314 899 1355 962 ad

199 1026 267 1080 nos,
283 1016 315 1067 et
329 1027 386 1067 nos
400 1017 558 1067 revocaret
573 1003 613 1067 ad
628 1015 670 1080 te,
687 1003 742 1088 qui
756 1003 851 1066 etiam
868 1003 944 1066 dum
961 1003 1157 1065 Hierusalem
1173 1003 1304 1078 veniret,
1318 1013 1355 1063 'ut

200 1105 388 1190 adimpleret
416 1106 593 1193 scripturas,
620 1105 815 1169 credentium
840 1107 1028 1192 populorum
1058 1105 1149 1168 turbe
1175 1103 1354 1167 fidelissima

200 1206 376 1270 devotionis
401 1231 463 1271 suae
485 1210 670 1272 vestimenta
693 1231 766 1272 cum
792 1209 886 1271 ramis
911 1209 1085 1294 palmarum
1107 1208 1141 1269 in
1165 1207 1218 1268 via
1238 1217 1354 1268 sterne-

199 1309 291 1372 bant:
314 1323 426 1395 presta,
449 1334 640 1401 quaesumuS,
654 1322 691 1374 ut
712 1310 760 1372 illi
786 1310 860 1374 fidei
880 1312 965 1374 viam
988 1332 1197 1396 preparemus,
1219 1308 1258 1371 de
1279 1331 1353 1393 qua,

199 1425 320 1477 remoto
334 1413 439 1500 lapide
453 1413 632 1478 offensionis
646 1424 679 1478 et
692 1426 781 1499 petra
795 1414 943 1491 scandali,
959 1413 1102 1476 frondeat
1117 1435 1209 1497 opere
1220 1411 1353 1495 justitiae

199 1540 311 1595 ramos,
327 1529 364 1579 ut
378 1517 446 1600 ejus
460 1516 592 1601 vestigia
606 1514 753 1600 consequi
767 1537 951 1580 mereamur.
998 1516 1067 1580 Per.
1085 1549 1087 1554 ·

729 1687 821 1751 Alia.

245 1825 395 1900 Petimus
415 1823 551 1886 Domine
574 1822 696 1899 Sancte,
717 1822 809 1885 Pater
830 1821 1047 1907 Omnipotens,
1068 1833 1182 1884 aeteme
1203 1821 1299 1898 Deus,
1315 1834 1353 1884 ut

198 1928 349 2014 respicere
364 1926 502 2012 digneris
517 1949 608 2012 super
621 1924 703 1988 hanc
722 1937 896 1988 ciecturam
911 1924 995 1988 olive
1009 1923 1184 2008 palmeque,
1201 1947 1294 2008 quem
1310 1948 1352 1986 ex

198 2030 280 2115 ligni
290 2028 418 2091 materie
429 2027 554 2113 prodire
563 2027 693 2112 jussisti,
704 2050 798 2112 quem
807 2027 952 2090 columba
960 2026 1106 2112 redigens
1114 2026 1155 2089 ad
1166 2049 1268 2088 arcam
1279 2049 1351 2111 pro·

198 2130 267 2216 prio
282 2129 413 2215 protulit
425 2152 488 2207 ore,
499 2129 682 2194 benedicere
697 2141 730 2194 et
743 2130 936 2194 sanctificare
950 2129 1099 2216 digneris,
1109 2140 1146 2191 ut
1160 2129 1352 2214 quicumque

198 2255 240 2297 ex
261 2255 296 2296 ea
312 2230 481 2317 acciperint
495 2232 627 2318 accipiat
640 2233 700 2296 sibi
715 2233 755 2296 ad
769 2233 994 2319 protectionem
1017 2231 1120 2295 anime
1144 2243 1176 2294 et
1202 2233 1350 2317 corporis,

196 2333 323 2420 fiatque,
340 2333 487 2412 Domine,
503 2346 615 2398 nostrae
637 2335 745 2400 salutis
768 2335 943 2401 remedium
965 2346 1027 2399 tuae
1048 2335 1156 2421 gratiae
1177 2357 1348 2400 sacramen-

197 2448 277 2500 tum.
322 2435 391 2500 Per.
