2866 4934
564 410 862 456 aarenrcrrouae.
1251 392 1291 451 93

179 561 220 623 Et
247 563 302 648 qui
326 564 416 625 illum
438 564 512 639 fecit
532 588 690 628 coruscare
716 563 883 640 miraculis,
906 585 961 625 vos
985 574 1116 625 exornet
1138 562 1292 624 bonorum

136 684 263 746 operum
280 664 487 728 incrementis.
535 665 648 729 Amen.

181 765 249 843 Quo
265 767 330 849 ejus
346 767 498 854 exemplis
513 768 639 846 eruditi,
662 780 694 831 et
716 768 933 831 intercessione
949 766 1076 843 muniti,
1094 767 1182 849 cujus
1198 764 1291 849 depo-

135 866 255 931 sitionis
279 870 363 932 diem
387 871 548 934 celebratis
572 870 606 933 in
633 871 732 948 terris,
754 870 802 933 illi
824 870 946 956 possitis
970 870 1003 932 in
1025 869 1141 933 coelesti
1163 867 1292 953 regione

135 969 274 1056 adjungi.
320 972 434 1036 Amen.

181 1075 273 1153 Quod
288 1076 362 1161 ipse.
409 1076 524 1139 Amen.
615 1077 808 1140 Benedictio,

378 1251 421 1311 In
437 1249 541 1312 natale
556 1250 647 1312 anius
671 1250 816 1334 Virqinis.
862 1249 1047 1312 Benedictio.

178 1384 349 1448 Benedicat
364 1409 419 1449 vos
436 1386 532 1465 Beue,
549 1386 605 1472 qui
624 1387 714 1450 beate
730 1387 848 1473 virgini
869 1386 916 1449 Ill.
933 1385 1084 1448 concessit
1098 1396 1130 1447 et
1146 1384 1290 1447 decorem

134 1487 325 1573 virginitatis
340 1501 372 1552 et
386 1490 520 1576 gloriam
535 1490 692 1575 passionis.
739 1490 853 1554 Amen.

179 1591 221 1653 Et
256 1592 345 1674 cujus
380 1592 585 1678 opitulatione
616 1593 670 1656 illa
699 1593 814 1656 meruit
844 1605 876 1656 et
906 1616 997 1656 sexus
1027 1591 1230 1677 fragilitatem
1260 1602 1292 1653 et

133 1695 385 1778 persequentium
427 1695 545 1758 rabiem
584 1696 759 1774 devincere,
795 1719 851 1759 vos
890 1695 1013 1781 possitis
1049 1707 1081 1757 et
1116 1705 1290 1756 vestrorum

134 1818 298 1881 corporum
325 1797 494 1860 inlecebras
524 1810 555 1860 ct
585 1798 707 1883 antiqui
736 1799 833 1862 hostis
863 1798 1115 1862 machinamenta
1137 1819 1290 1882 superare.

134 1898 249 1962 Amen.

179 2001 248 2079 Quo
279 2000 358 2063 sicut
384 2001 437 2064 illa
463 2024 540 2064 sexu
564 2001 668 2088 fragili
692 2003 784 2066 virile
808 2004 875 2067 nisa
901 2015 947 2066 est
970 2015 1127 2066 certamen
1153 2002 1192 2064 de
1220 2001 1290 2065 hos-

133 2104 217 2166 tibus
244 2103 447 2189 triumphare,
476 2104 520 2167 ita
540 2129 595 2168 vos
621 2105 655 2167 in
681 2105 740 2168 hac
765 2107 955 2170 mortalitate
981 2105 1123 2168 viventes
1149 2105 1288 2181 valeatis

134 2223 165 2268 et
191 2207 355 2291 antiquum
379 2207 500 2270 hostem
525 2208 700 2285 devincere,
725 2220 757 2270 et
783 2208 823 2270 ad
847 2232 944 2293 regna
970 2207 1094 2270 celestia
1117 2208 1288 2293 pervenire.

136 2309 251 2373 Amen.

180 2412 271 2491 Quod
286 2413 360 2497 ipsc.
406 2413 521 2475 Amen.
612 2413 804 2476 Benedictio.

325 2585 502 2648 Benedictio
518 2587 552 2649 in
567 2587 670 2648 natale
679 2585 894 2671 plurimorum
910 2584 1099 2668 Martyrum.

178 2721 349 2785 Benedicat
364 2745 419 2784 vos
435 2721 520 2784 Deus
535 2722 696 2784 beatorum
712 2733 885 2806 martyrum
902 2743 1029 2783 suorum
1052 2720 1100 2782 Ill.
1122 2717 1287 2804 suffragiis,

134 2835 166 2886 et
180 2823 292 2887 liberet
307 2826 345 2889 ab
361 2824 600 2888 adversitatibus
615 2824 742 2886 cunctis.
789 2824 903 2886 Amen.

161 2933 163 2939 ’
178 2928 385 2993 Commendet
396 2952 451 2992 vos
463 2951 570 2991 eorum
586 2927 763 2990 intercessio
774 2927 918 3013 gloriosa,
930 2949 1062 3012 quorum
1078 2926 1111 2989 in
1122 2939 1289 3010 conspectu

134 3031 201 3112 ejus
215 3044 261 3094 est
276 3057 357 3096 mors
372 3033 514 3118 pretiosa.

179 3134 226 3197 Ut
237 3135 317 3198 sieut
332 3136 379 3199 illi
393 3160 449 3222 per
461 3136 581 3198 diversa
596 3146 823 3197 tormentorum
839 3156 954 3220 genera
968 3132 1099 3195 coelestis
1111 3131 1201 3217 regni
1216 3145 1289 3194 sunt

133 3237 234 3299 sortiti
259 3237 475 3315 hereditatem,
492 3238 536 3300 ita
556 3260 611 3300 vos
638 3237 821 3300 mereamini
845 3236 1035 3300 consortium
1057 3260 1113 3321 per
1134 3237 1285 3299 bonorum

134 3361 263 3422 operum
279 3339 514 3402 exhibitionem.
560 3338 675 3400 Amen.

179 3441 271 3518 Quod
285 3442 358 3526 ipsc.
404 3442 519 3504 Amen.
610 3440 802 3535 Benedictio.

284 3615 327 3676 In
343 3613 445 3677 natale
455 3613 669 3699 plurimorum
689 3611 911 3696 Confessornm.
956 3609 1142 3696 Benedictio.

181 3748 365 3812 Sanctorum
381 3748 589 3812 confessorum
605 3769 731 3809 suorum
750 3745 797 3807 Ill.
814 3744 933 3808 meritis
948 3766 1003 3805 vos
1024 3743 1179 3805 Dominus
1197 3743 1288 3807 faeiat

134 3851 287 3929 benedici,
304 3864 335 3915 et
351 3864 458 3915 contra
473 3849 579 3914 omnia
594 3848 722 3911 adversa
737 3870 844 3909 eorum
860 3845 1078 3909 intercessione
1092 3845 1219 3907 muniri.

180 3955 298 4017 Eorum
323 3978 378 4017 vos
402 3954 516 4018 efficiat
540 3951 688 4037 suffragio
713 3950 825 4027 felices,
847 3971 979 4034 quorum
1005 3945 1181 4010 festivitatis
1204 3948 1286 4012 diem

135 4057 295 4121 celebratis
310 4071 446 4120 ovantes.
491 4056 607 4118 Amen.

180 4160 249 4239 Quo
273 4183 380 4223 corum
404 4159 563 4222 imitantes
587 4156 730 4242 exempla
754 4155 795 4218 ad
820 4154 954 4219 coelestia
979 4154 1142 4240 pervenire
1165 4155 1288 4240 possitis

134 4264 292 4348 promissa.
337 4265 451 4326 Amen.

181 4367 272 4444 Quod
287 4368 360 4453 ipsc.
406 4368 522 4430 Amen.
611 4362 804 4427 Benedictio
