2866 4934
131 390 191 448 118
464 401 709 448 rourrrreaan
726 398 941 447 secunaum.

129 582 201 622 eum
216 556 277 620 hoe
292 555 452 620 vasculum
467 557 530 643 (υεί
543 556 609 619 haeo
624 556 764 641 vaseula)
786 556 826 619 ad
848 551 1026 617 invitandos
1045 550 1130 615 filios
1144 551 1281 615 aeaelesiae

129 672 328 747 preparatum
344 658 439 723 fixerit
454 660 517 747 (υεί
531 674 692 747 preparata
707 659 851 745 fuerint),
863 658 1051 740 ubicumque
1067 656 1212 720 sonuerit
1225 655 1281 719 hoc

129 762 380 829 tintinnabulum
395 763 458 848 (υεί
475 763 540 828 haee
567 764 798 849 tintinnabula)
823 765 915 850 longe
943 759 1069 823 recedat
1093 760 1198 824 virtus
1227 760 1282 823 ini·

129 869 293 946 micorum,
323 869 435 931 umbra
463 869 726 954 phantasmatum,
757 866 892 932 incursio
922 863 1097 941 turbinum,
1129 864 1284 950 percussio

130 970 310 1049 fulminum,
341 971 417 1034 lesio
446 972 669 1049 tonitruorum,
699 971 890 1034 calamitates
919 977 1155 1052 tempestatum,
1187 966 1286 1029 omnis

129 1073 256 1159 spiritus
270 1075 492 1161 procellarum:
516 1088 552 1139 ut
574 1099 646 1139 oum
669 1075 848 1161 clangorem
863 1072 947 1135 illius
962 1071 1024 1157 (υεί
1038 1068 1186 1152 illorum)
1201 1069 1285 1133 audi-

130 1177 213 1240 erint
228 1177 288 1241 filii
305 1178 564 1257 Christianorum,
581 1191 696 1241 crescat
711 1178 745 1240 in
761 1179 806 1241 eis
826 1175 1000 1241 devotionis
1015 1185 1238 1260 augmentum,
1252 1185 1286 1236 ut

131 1278 312 1343 festinantes
335 1280 376 1343 ad
398 1281 458 1366 piae
480 1281 588 1344 matris
602 1279 769 1367 gremium,
786 1291 912 1343 cantent
934 1277 992 1341 tibi
1013 1275 1112 1338 inlaesi
1128 1276 1286 1339 canticum

132 1405 251 1446 novum
268 1383 301 1445 in
314 1383 468 1447 AEoclesia
483 1396 671 1461 sanctorum,
682 1383 854 1446 deferentes
869 1382 903 1444 in
918 1403 992 1444 sono
1003 1379 1086 1442 tubae
1100 1379 1286 1464 preconium

133 1486 365 1563 modulationis,
382 1509 438 1571 per
452 1486 633 1572 psalterium
656 1485 895 1562 exultationem,
911 1507 966 1570 per
981 1505 1136 1569 organum
1152 1482 1286 1545 suavita·

132 1599 208 1665 tem,
224 1612 279 1675 per
294 1601 480 1673 tympanum
498 1588 742 1672 jucunditatem,
761 1612 817 1674 per
839 1587 1016 1675 cymbalum
1031 1584 1286 1662 laetificationem,

133 1703 285 1773 quatenus
300 1690 433 1754 invitare
448 1692 574 1755 valeant
588 1691 622 1753 in
645 1693 764 1777 templo
788 1705 893 1757 saneto
916 1703 971 1754 tuo
994 1690 1055 1754 suis
1076 1689 1236 1775 obsequiis
1257 1701 1287 1753 et

132 1794 275 1878 precibus
290 1793 463 1858 exercitum
479 1796 671 1882 angelorum.
719 1796 787 1859 Per.

176 1898 253 1962 Post
276 1899 330 1962 boa
357 1909 500 1962 cantatur
527 1900 691 1985 antifona:
718 1899 841 1964 Laudet
857 1898 1030 1963 Dominum
1045 1897 1166 1960 anima:
1192 1909 1222 1960 et
1235 1919 1286 1960 aaa

132 2003 221 2084 ymni
239 2002 483 2087 perordinem:
514 2002 622 2064 Lauda
649 2000 753 2064 anima
786 2026 866 2081 mea,
894 2024 997 2086 usqae,
1017 1999 1126 2063 Omnis
1160 1999 1288 2084 spiritus

133 2103 240 2167 laudet
256 2104 440 2167 Dominum.
484 2105 590 2168 Laeua
606 2127 673 2168 eam
689 2106 725 2168 da
741 2129 823 2190 aqua
839 2107 1002 2181 benedicta,
1013 2104 1121 2167 deinde
1137 2104 1213 2165 diois
1230 2103 1288 2165 eol-

135 2207 251 2287 lectam,

179 2311 275 2391 Deus,
314 2310 369 2397 qui
409 2335 464 2398 per
504 2313 635 2397 Moysen
672 2311 837 2399 legiferum
876 2311 1028 2375 famulum
1064 2321 1156 2372 tuum
1197 2310 1290 2373 tubas

135 2427 296 2501 argenteas
325 2414 394 2478 fieri
423 2415 599 2501 precepisti,
625 2438 700 2500 quas
724 2416 800 2477 dum
829 2415 946 2478 Laevite
976 2426 1115 2499 tempore
1145 2412 1290 2476 sacrificii

134 2518 325 2602 clangerent,
342 2517 447 2580 sonitu
462 2517 637 2580 dulcedinis
651 2518 785 2603 populus
805 2518 956 2595 munitus,
981 2530 1017 2580 ut
1039 2529 1071 2580 te
1093 2516 1288 2579 adorandum

134 2618 221 2682 fieret
236 2633 425 2707 preparatus,
442 2645 575 2707 quarum
597 2621 744 2708 clangore
763 2620 904 2684 hortatus
927 2621 966 2683 ad
986 2620 1116 2697 bellum,
1132 2620 1195 2682 tela
1217 2643 1289 2706 pro·

134 2737 306 2788 sternerent
317 2724 565 2789 adversantium:
588 2737 700 2810 presta,
713 2736 749 2786 ut
760 2723 821 2787 hoc
830 2725 990 2787 vasculum
1001 2723 1064 2808 (υεί
1073 2723 1138 2786 haec
1148 2723 1291 2808 vascula)

134 2839 195 2890 tuae
220 2827 361 2892 aeoclesiae
384 2840 583 2916 preparatum
599 2828 662 2913 (υεί
675 2827 853 2913 preparata)
867 2825 1076 2891 sanctificetur
1090 2826 1153 2912 (υεί
1175 2829 1290 2890 sancti·

134 2931 311 3018 fiaentur)a
330 2932 449 3019 Spiritu
476 2932 600 3009 Sancto,
624 2944 660 2995 ut
680 2955 736 3018 per
762 2930 846 2995 illius
861 2931 924 3016 (υεί
944 2930 1088 3016 illorum)
1101 2943 1221 2993 tactum
1238 2932 1291 2995 vel

134 3036 271 3098 sonitum
297 3035 404 3098 fideles
430 3035 606 3098 invitentur
628 3036 667 3099 ad
688 3035 860 3122 premium:
887 3047 924 3097 ut
947 3056 1020 3096 oum
1045 3033 1179 3096 melodia
1202 3033 1291 3098 illius

135 3133 199 3218 (υεί
212 3132 353 3215 illorum)
369 3133 494 3195 auribus
514 3133 686 3196 insonuerit
706 3134 905 3218 populorum,
922 3145 1039 3196 crescat
1053 3133 1086 3195 in
1103 3132 1145 3196 eis
1161 3133 1291 3197 devotio

136 3233 221 3310 fidei,
234 3233 343 3318 procul
358 3234 556 3318 expellantur
571 3256 678 3308 omnes
692 3235 812 3300 insidiae
827 3236 959 3314 inimici,
970 3235 1074 3322 fragor
1085 3235 1290 3322 grandinum,

136 3336 271 3423 procella
296 3336 470 3416 turbinum,
498 3337 634 3422 impetus
662 3352 900 3427 tempestatum:
934 3351 1147 3424 temperentur
1177 3339 1292 3405 infesta

135 3441 284 3518 tonitrua,
301 3452 465 3504 ventorum
490 3439 587 3504 flabra
613 3441 691 3506 fiant
713 3443 876 3507 salubriter
896 3466 932 3507 aa
953 3442 1111 3505 moderate
1133 3465 1291 3528 suspensa.

140 3547 317 3611 Prosternat
332 3569 433 3609 aereas
447 3557 614 3632 potestates
629 3545 757 3610 dextera
772 3559 833 3609 tuae
848 3545 984 3623 virtutis,
1000 3557 1037 3609 ut
1057 3545 1117 3608 hoo
1132 3545 1194 3630 (υεί
1208 3546 1292 3632 haec)

138 3652 299 3717 audientes
329 3650 576 3714 tintinnabulum
603 3649 666 3736 (υεί
697 3649 925 3735 tintinnabula)
954 3661 1140 3712 tremescant
1176 3649 1292 3737 effirgi-

138 3771 253 3842 antque
269 3767 341 3818 ante
356 3765 460 3818 sancte
475 3753 574 3818 crucis
589 3753 752 3816 vexillum.
799 3752 867 3815 Per.

181 3861 293 3923 Postea
309 3870 411 3943 tanqes
427 3880 494 3920 eam
509 3859 546 3920 de
561 3856 722 3919 alrrnmata
738 3880 757 3918 a
764 3856 848 3942 foris
864 3857 916 3941 vij.
932 3857 970 3918 ab
986 3856 1069 3917 intas
1084 3857 1153 3942 aij,
1170 3866 1199 3918 et
1214 3858 1290 3920 dicis

140 3963 328 4048 antifonam:
354 3960 429 4024 Vox
445 3959 575 4023 Domini
591 3982 681 4044 super
696 3982 798 4044 aquas.
843 3959 888 4021 Et
902 3960 945 4020 sic
958 3980 1020 4043 per
1042 3961 1181 4022 ordinent
1195 3983 1291 4045 usqae

140 4066 172 4126 in
180 4066 280 4150 finam
290 4063 444 4147 psalletur
459 4064 513 4124 ista
527 4085 658 4145 ymnus:
681 4061 812 4124 Adferte
829 4060 975 4123 Domino.

187 4164 391 4249 Omnipotens
421 4163 608 4248 sempiterne
639 4162 734 4240 Deus,
765 4163 820 4249 qui
849 4175 921 4226 ante
951 4185 1052 4224 arcam
1083 4163 1205 4227 foederis
1234 4188 1291 4250 per

141 4265 318 4347 clangorem
334 4268 478 4330 tubarum
501 4287 606 4326 muros
630 4264 776 4348 lapideos,
793 4265 906 4349 quibus
930 4264 1160 4329 adversantium
1185 4267 1290 4353 cinge-

141 4365 232 4428 batur
248 4368 409 4445 exercitus,
427 4367 536 4430 cadere
551 4365 661 4441 iecisti,
674 4377 708 4428 tu
724 4367 784 4429 hoa
800 4366 1047 4429 tintinnabulum
1063 4367 1127 4452 (υεί
1139 4369 1205 4432 haec
1229 4371 1290 4432 tin-
