2866 4934
145 369 204 427 102
511 384 757 431 PONTIFICALE
772 382 1001 430 ncansnnrr.

143 552 253 624 potens
275 500 379 637 Pater}
405 553 441 602 ut
463 563 519 626 per
541 539 636 623 hujus
658 552 802 604 creaturae
823 538 1065 625 pinguedinem
1088 539 1182 603 huno
1202 561 1314 602 servum

143 656 248 703 tumn.
251 624 448 713 safro'tilleare
475 657 529 706 tua
555 563 773 706 bdnedictione
798 640 950 728 digneris,
977 644 1191 729 eumquein
1153 641 1314 706 msimili·

144 738 445 809 tudincm‘columbe
460 769 567 832 pacem
583 745 791 861 simplicitatis
805 745 924 830 populo
942 745 1006 809 sibi
1023 747 1160 811 subdito
1175 759 1311 862 prestare,

144 859 176 909 et
191 839 346 942 Lremplo
372 848 515 912 Aaron
507 873 541 911 1n
567 848 626 911 Dei
651 848 777 912 servitio
800 847 972 933 diligenter
1000 849 1140 928 imitari,
1169 850 1310 937 regnique

82 912 290 1049 ‘ff'j‘fz'rstigia
282 976 347 1014 m·
331 952 467 1015 consiliis
490 952 625 1015 scientiae
648 964 680 1015 ot
703 950 911 1036 aequalitateJ
904 951 1018 1014 udioii
1035 975 1167 1040 semper
1189 951 1308 1038 assequi,

69 1050 331 1150 [haustumque
346 1053 452 1116 hilarit
440 1054 512 1116 tatis
534 1077 663 1139 perJ
607 1051 663 1136 huj
667 1075 703 1116 us
721 1052 781 1115 olei
796 1051 980 1115 unctionem
997 1065 1158 1140 tuamque
1174 1053 1307 1118 benedic

25 1166 113 1244 ·.;.,·
147 1155 275 1232 tionem,
292 1168 322 1219 te
338 1156 517 1239 adjuvante,
534 1155 591 1218 toti
608 1154 692 1240 plebi
708 1167 849 1241 paratum
864 1152 982 1217 habere
999 1155 1109 1220 facias.
1159 1157 1229 1220 Per.

190 1259 254 1322 Hie
269 1282 370 1322 omnes
380 1260 541 1344 pontifices
557 1282 624 1320 eam
634 1259 830 1344 principibus
846 1258 923 1318 dant
938 1259 968 1320 ei
982 1271 1145 1345 sceptrum
1161 1263 1196 1324 in
1210 1282 1304 1322 mana.

192 1362 340 1438 Benedic,
358 1361 504 1438 Domine,
522 1361 606 1423 hune
628 1360 784 1446 presulem
803 1358 991 1446 principem,
1009 1363 1068 1448 qui
1087 1386 1189 1450 regna
1204 1385 1304 1449 regum

147 1465 288 1527 omnium
305 1488 323 1527 a
338 1463 440 1526 seculo
456 1463 632 1527 moderaris.
679 1463 794 1527 Amen.

193 1567 235 1628 Et
257 1567 312 1628 tali
335 1589 407 1628 eurn
431 1566 649 1629 benedictione
671 1566 822 1652 glorifica,
843 1578 880 1628 ut
901 1565 1092 1632 Davitieum
1113 1582 1224 1635 teneat
1242 1570 1303 1634 sub·

148 1668 290 1731 limitatis
313 1680 469 1753 sceptrum
495 1669 612 1746 salutis,
635 1681 667 1731 et
693 1667 900 1734 sanctificatus
924 1670 1073 1755 protinus
1088 1671 1304 1758 reperiaturin

149 1773 269 1836 merite.
315 1772 431 1836 Arnen.

194 1876 320 1940 Dacia
342 1889 397 1939 tuo
417 1875 585 1962 spiramine
606 1897 677 1938 eum
696 1873 936 1940 mansuetudine
953 1874 1000 1939 ita
1015 1899 1129 1963 regere
1144 1879 1304 1965 populum,

149 1980 229 2041 sicut
248 1979 444 2042 Salomonem
461 1978 562 2042 fecisti
577 2002 709 2064 regnum
726 1979 867 2043 obtinere
881 1977 1063 2065 pacificum.
1111 1983 1230 2046 Arnen.

195 2081 267 2144 Tibi
293 2103 413 2167 semper
439 2104 511 2144 curn
538 2082 650 2145 timore
680 2081 720 2144 sit
750 2081 901 2158 subditus,
928 2080 1053 2166 tibique
1081 2084 1213 2162 militet,
1239 2106 1306 2148 eum

150 2185 256 2271 quieto
280 2208 376 2270 regno
392 2184 431 2247 sit
450 2197 505 2247 tuo
525 2186 635 2271 clypeo
656 2197 814 2269 protectus
834 2207 905 2247 cum
926 2184 1123 2268 proceribus,
1141 2200 1175 2251 et
1199 2186 1309 2272 ubique

150 2301 274 2353 maneat
289 2289 354 2352 sine
369 2312 476 2374 pugna
491 2287 599 2352 victor.
646 2287 761 2350 Amen.

197 2392 244 2455 Sis
264 2392 293 2454 ei
309 2403 416 2454 contra
431 2390 510 2453 acies
525 2391 724 2453 inimieorum
741 2390 847 2466 lorica,
863 2389 897 2451 in
909 2389 1047 2452 adversis
1063 2392 1170 2476 galea,
1186 2393 1309 2481 inpros-

151 2494 231 2580 peris
246 2493 407 2579 patientia,
424 2491 457 2554 in
473 2495 666 2578 protectione
681 2494 808 2579 clypeus
823 2492 1040 2578 sempiternus.

196 2596 295 2659 Vivat
324 2595 408 2659 inter
437 2597 580 2681 gentium
611 2611 748 2660 catervas
778 2595 1012 2683 magnanimus:
1045 2599 1089 2662 sit
1120 2601 1159 2664 in
1186 2601 1312 2685 judiciis

151 2699 277 2784 aequitas
292 2699 466 2785 singularis.
512 2700 627 2763 Amen.

199 2803 383 2888 Locupletet
412 2826 483 2866 eum
515 2815 568 2864 tua
598 2801 737 2888 predicta
775 2803 913 2878 dextera,
952 2801 1112 2887 frugalem
1153 2808 1315 2872 contineat

152 2905 296 2990 patriam,
313 2918 344 2968 et
360 2905 421 2968 suis
436 2905 540 2968 liberis
555 2905 672 2968 tribuat
687 2902 859 2988 profutura.
905 2904 1022 2966 Amen.

199 3008 246 3070 Da
263 3009 291 3069 ei
306 3008 519 3093 prolixitatem
535 3009 609 3071 vitae
624 3031 679 3093 per
694 3019 845 3093 tempora,
862 3019 893 3071 et
913 3007 947 3068 in
971 3006 1083 3070 diebus
1105 3012 1178 3093 ejus
1198 3013 1318 3077 oriatur

150 3111 283 3192 J'ustitia.
328 3109 444 3173 Amen.

200 3213 229 3276 A
247 3224 278 3274 te
293 3211 454 3274 robustum
470 3225 574 3277 teneat
589 3212 751 3301 regiminis
771 3214 895 3290 solium,
912 3224 948 3275 ut
968 3236 1040 3275 cum
1057 3214 1267 3297 jocunditate
1289 3234 1321 3285 et

147 3316 274 3398 justitia
289 3328 403 3377 aeterno
418 3315 570 3401 glorietur
585 3318 618 3379 in
634 3339 740 3401 regne.
787 3317 902 3379 Amen.
939 3348 952 3361 =

201 3421 243 3484 Et
266 3431 367 3506 presta
390 3431 426 3482 ut
447 3431 557 3505 gentes
583 3419 630 3481 illi
654 3431 781 3482 teneant
799 3418 905 3495 fidem,
932 3440 1073 3503 proceres
1099 3421 1150 3483 sui
1178 3423 1322 3490 habeant

155 3548 274 3610 pacem,
291 3521 486 3609 diligantque
502 3522 671 3584 caritatem.
717 3520 833 3584 Arnen.

202 3628 250 3691 Tu
281 3626 347 3708 ejus
371 3638 507 3688 mentem
532 3623 688 3709 benignus
714 3623 861 3698 inlabere,
887 3635 924 3686 ut
947 3646 1051 3686 amore
1076 3637 1108 3688 te
1133 3627 1260 3708 timeat,
1288 3646 1321 3696 et

158 3729 268 3793 timore
284 3726 405 3810 diligat.
451 3729 564 3790 Arnen.

203 3832 252 3895 Tu
263 3830 293 3893 ei
304 3829 404 3890 honor
419 3829 469 3906 sis,
483 3841 519 3891 tu
533 3828 697 3913 gandium,
710 3841 745 3891 tu
757 3828 912 3905 voluntas,
923 3841 959 3891 tu
974 3829 1007 3890 in
1020 3852 1142 3895 merore
1155 3835 1320 3915 solatium,

158 3931 191 3992 in
207 3927 412 4014 ambiguitate
427 3928 603 4005 eonsilium,
620 3929 653 3990 in
670 3929 780 3992 itinere
795 3929 977 3993 consolator.
1024 3931 1141 3996 Amen.

203 4033 252 4096 Tu
268 4032 301 4094 in
317 4028 440 4110 injuriis
455 4029 606 4106 defensor,
623 4028 656 4091 in
672 4030 873 4092 tribulatione
892 4032 1053 4114 patientia,
1069 4033 1104 4094 in
1124 4038 1320 4122 aegritudine

159 4134 322 4194 medicina.
368 4129 482 4193 Amen.

148 4218 150 4222 ’
204 4233 241 4292 In
257 4243 288 4292 to
303 4229 416 4292 lrabeat
431 4255 523 4293 omne
546 4231 721 4306 eonsilium,
737 4255 793 4316 per
813 4245 844 4294 te
864 4246 951 4295 tuam
971 4237 1101 4299 discate
1116 4248 1148 4300 te
1168 4246 1318 4309 commis-

159 4354 222 4392 sam
250 4328 432 4412 sapientiam
459 4333 548 4414 regni
575 4332 783 4413 gubernacula
813 4333 977 4413 moderari,
1002 4350 1038 4400 ut
1068 4360 1191 4424 semper
1223 4346 1315 4425 felix,
