2866 4934
440 421 687 470 CONSECRATIO
697 420 896 469 BOOLESIAE

240 677 342 742 ORDO
358 695 534 751 QUOMODO
549 695 733 744 AEOOLESIA
749 695 895 742 DEBEA'I'
911 694 1099 741 nnmcnltl.

136 828 300 894 Primitiae
330 830 411 893 enim
433 831 523 907 decet,
546 840 581 892 ut
610 831 766 916 episcopus
788 840 817 892 ct
839 830 927 894 ceteri
948 830 1084 898 ministri
1109 827 1245 893 <rechma

92 933 225 995 induant
249 955 280 996 ee
302 933 483 997 vestimentis
506 933 612 1010 sacrm,
628 955 696 996 cum
714 933 823 1018 quidm
843 933 982 996 divinum
996 933 1173 1019 mysterium
1191 933 1245 994 ad·

93 1034 220 1120 implere
243 1035 358 1112 debent,
378 1046 406 1098 et
429 1036 576 1099 venientes
600 1046 670 1098 ante
693 1035 804 1098 ostium
824 1033 970 1110 aeccksioe,
994 1055 1061 1118 quse
1076 1033 1245 1097 dedicanda

92 1149 146 1214 cst,
169 1137 383 1202 illuminentur
404 1138 561 1202 duodecim
582 1139 724 1216 condeta,
748 1149 777 1202 et
784 1148 946 1224 ponantur
961 1139 997 1201 de
1011 1137 1095 1223 foris
1112 1159 1173 1222 per
1187 1137 1245 1200 eir·

94 1243 208 1304 mitam
223 1240 367 1305 ecclesio.

533 1412 645 1478 Postea
664 1411 804 1479 Collecta.

143 1548 283 1616 Collecta.
329 1547 480 1612 Actiones
499 1561 627 1626 nostras,
645 1572 819 1636 quaesumus
835 1547 982 1624 Domine,
998 1546 1163 1634 aspirando
1177 1569 1246 1634 pre-

94 1651 179 1729 veni,
204 1663 237 1715 et
262 1651 442 1736 adjuvando
466 1673 662 1738 prosequere,
689 1665 726 1715 ut
752 1663 864 1715 cuncta
882 1661 987 1714 nostra
1011 1649 1149 1736 operatio
1173 1672 1191 1713 a
1215 1661 1247 1714 te

95 1777 215 1842 semper
229 1754 393 1841 incipiant,
410 1766 442 1817 ct
456 1776 512 1840 per
522 1765 554 1817 te
570 1767 659 1840 cepta
674 1753 834 1818 finiantur.
881 1754 949 1818 Per.

138 1855 332 1942 Antrphona.
378 1855 478 1920 Zache
501 1855 612 1920 festina
636 1856 787 1921 descende
812 1857 885 1943 quia
902 1855 997 1920 hodie
1021 1855 1054 1919 in
1077 1855 1171 1920 domo
1192 1867 1248 1920 tua

96 1971 219 2046 oportet
233 1981 283 2022 me
298 1981 432 2022 manere.
477 1958 524 2022 At
539 1958 593 2022 ille
612 1958 761 2024 festinans
775 1959 945 2038 descendit,
962 1971 994 2022 et
1008 1958 1142 2046 suscepit
1156 1958 1247 2022 illum

96 2060 239 2146 gaudens
253 2060 288 2125 in
303 2061 398 2124 domo
414 2083 480 2125 suo.
525 2060 630 2125 Hodie
648 2060 725 2126 huic
741 2061 850 2126 domui
872 2062 953 2126 salus
971 2085 989 2126 a
1006 2060 1145 2126 Domino
1166 2063 1248 2127 facta

96 2176 152 2228 est.
198 2163 346 2228 Alleluia.
1020 2177 1023 2182 '

497 2299 541 2361 In
551 2299 679 2362 circuitu
694 2297 838 2362 oeccksioe.

522 2434 683 2520 Incipiam
698 2434 830 2498 tatonis.

143 2536 242 2622 Kyrie
256 2536 381 2600 eleison.

141 2638 186 2701 iii.
204 2638 327 2703 Christe
342 2639 467 2704 eleison.

140 2739 186 2803 iii.
203 2739 326 2805 Christe
341 2740 416 2805 audi
430 2763 495 2806 nos.

144 2842 256 2908 Sancta
272 2842 387 2907 Maria:

144 2946 256 3012 Sancte
272 2945 423 3011 Michael:

144 3048 255 3114 Sancte
273 3048 412 3114 Gabriel:

144 3149 256 3216 Sancte
272 3151 428 3238 Raphael:

143 3251 259 3317 Omnes
274 3253 372 3317 sancti
388 3253 522 3340 Angeli:

145 3354 256 3420 Sancte
274 3355 379 3420 Petre:

144 3456 258 3520 Sancte
275 3457 386 3520 Paule:

146 3559 258 3623 Sancte
274 3558 418 3623 Andrea:

146 3663 258 3727 Sancte
274 3662 297 3726 J
298 3662 407 3726 acobe:

147 3764 259 3830 Sancte
275 3764 298 3828 J
299 3763 438 3828 ohanne:

146 3866 258 3931 Sancte
275 3866 412 3930 Thoma:

146 3967 259 4032 Sancte
275 3966 437 4054 Philipps:

146 4070 259 4136 Sancte
275 4069 517 4134 Bartholomae:

147 4173 259 4239 Sancte
276 4173 425 4239 Mathaee:

147 4274 260 4340 Sancte
278 4275 403 4341 Simon:

148 4376 260 4442 Sancte
277 4377 403 4443 Tsdaec:
