2866 4934
133 400 153 458 8
474 414 720 464 rorrmrosun
735 411 954 462 recuruum.

134 566 228 631 corde
253 579 355 632 vestm
381 566 478 654 ipsius
503 570 710 635 illustratione
734 567 872 646 irradiet,
898 580 993 652 atque
1018 564 1057 628 in
1087 567 1145 630 sui
1175 590 1315 632 amorem

130 668 252 756 jugiter
267 670 426 735 accendat.
472 672 588 738 Amen.

181 772 340 851 Quatenus
363 797 381 837 a
404 775 524 839 cunctis
548 777 635 840 vitiis
654 775 827 853 emundati,
851 773 1009 862 ipsiusque
1029 773 1261 858 opitulatione
1278 775 1316 839 ab

136 875 281 941 omnibus
303 876 541 943 adversitatibus
563 880 692 958 defensi,
712 879 866 966 templum
890 876 974 941 illius
996 876 1084 941 effici
1107 880 1314 944 mereamini.

137 978 253 1043 Arnen.

182 1081 250 1161 llle,
266 1083 322 1171 qui
336 1106 391 1148 vos
406 1085 533 1163 creavit,
549 1087 589 1151 ab
604 1084 750 1149 omnibus
769 1084 860 1149 malis
874 1082 1119 1149 imminentibus
1134 1086 1313 1162 custodiat,

136 1196 169 1249 et
183 1185 222 1250 ab
237 1187 325 1252 omni
338 1187 492 1275 pravitate
507 1189 665 1254 defendet.
711 1188 828 1252 Arnen.

183 1290 273 1370 Quod
289 1293 363 1379 ipse.
408 1291 524 1357 Amen.

182 1394 375 1460 Benedictio,
421 1395 536 1459 Amen.

307 1565 387 1630 Alia
402 1566 564 1632 benedictio
579 1571 622 1633 ad
635 1570 760 1633 mbram
770 1579 843 1655 post
857 1567 1131 1655 eonfirnmtioeem.

183 1698 331 1779 Effunde,
348 1725 522 1788 quaesumus
537 1705 684 1783 Domine,
700 1728 792 1792 super
808 1705 866 1768 hos
885 1702 1017 1767 famulos
1031 1713 1104 1766 tuos
1120 1717 1155 1768 et
1171 1705 1310 1771 famulas

138 1816 206 1867 tuas
220 1806 375 1870 coelestem
391 1807 640 1873 benedictionem
661 1822 761 1887 tuam,
777 1808 890 1895 quibus
904 1829 960 1894 per
981 1827 1038 1868 nos
1058 1805 1224 1872 eximium
1241 1833 1308 1896 sep

137 1906 295 1974 tiformem
329 1910 480 1997 Spiritum
515 1913 663 1977 Sanctum
694 1926 784 1977 tuum
814 1911 935 1976 tradere
956 1906 1094 1986 voluisti,
1107 1910 1308 1999 ,eisdemque

141 2010 275 2097 Spiritus
293 2013 399 2078 Sancti
414 2014 546 2101 gretiam
563 2029 594 2080 et
609 2017 690 2081 dona
705 2015 828 2103 largire.
874 2014 989 2078 Amen.

183 2113 230 2177 Ut
250 2117 439 2203 quicumque
458 2131 531 2184 eunt
551 2143 592 2184 ex
614 2143 694 2206 aqua
714 2131 746 2184 et
773 2118 891 2205 Spiritu
913 2117 1026 2181 Sancto
1048 2116 1153 2180 renati
1178 2139 1305 2206 semper

137 2215 200 2281 sint
215 2230 269 2285 tua
283 2222 475 2308 protectione
491 2223 616 2288 muniti.
662 2223 777 2287 Amen.

183 2322 350 2392 Redundet
379 2327 413 2389 in
438 2325 481 2390 eis
507 2327 620 2391 diffusa
649 2325 759 2390 caritas
784 2348 840 2412 per
867 2322 1018 2411 Spiritum
1042 2320 1208 2402 Sanctum,
1235 2349 1305 2412 quae

138 2427 257 2512 operiat
272 2453 307 2493 ac
322 2441 446 2518 superet
460 2453 585 2494 omnem
601 2428 839 2492 multitudinem
855 2439 1062 2515 peccatorum.
1108 2423 1231 2491 Amen.

184 2531 316 2620 Protege
331 2556 382 2598 eos
397 2544 429 2596 et
443 2554 493 2595 eas
507 2530 700 2618 protectione
715 2529 834 2609 divina,
846 2544 883 2595 ut
898 2529 1022 2617 fugiant
1036 2527 1075 2591 ab
1091 2527 1135 2591 eis
1150 2530 1304 2596 universe

128 2649 274 2731 peccota,
291 2649 322 2701 et
336 2649 391 2702 tua
406 2659 527 2724 semper
542 2635 688 2701 studeant
703 2633 873 2722 adimplere
888 2645 1049 2722 praecepte.
1094 2631 1214 2697 Amen.

183 2737 367 2826 Requiescet
385 2741 418 2804 in
434 2739 478 2803 eis
499 2740 663 2827 propitius,
680 2737 735 2823 qui
750 2739 908 2823 quondam
923 2735 1078 2823 requievit
1099 2734 1134 2798 in
1149 2740 1305 2823 apostolis

138 2841 298 2927 gloriosus

184 2942 276 3021 Quod
291 2943 364 3029 ipse.
411 2944 526 3006 Arnen.

184 3044 375 3109 Benedictio.
422 3046 537 3109 Amen.

141 3355 283 3418 INCIPIT
308 3374 405 3421 ORDO
430 3374 479 3420 DE
505 3374 626 3421 SACRIS
651 3376 851 3423 ORDINIBUS
872 3377 1057 3432 QUALITER
1078 3376 1118 3421 IN
1135 3357 1301 3427 ROMANA
1342 3393 1345 3397 ·

182 3476 367 3524 AECCLESIA
387 3478 615 3540 PRESBITERI,
638 3479 802 3540 DIACONI,
820 3480 1052 3540 SUBDIACONI,
1069 3478 1140 3523 VEL
1160 3479 1300 3529 CETERI

184 3581 341 3629 ORDINES
357 3582 594 3630 CLERICORUM
609 3583 861 3630 BENEDICENDI
878 3584 980 3630 SUNT.

183 3776 300 3840 Mentis
320 3776 423 3861 peimi
448 3776 616 3840 ebdomada
640 3775 750 3860 prima
773 3771 840 3858 (vel
864 3773 978 3837 Martii
996 3769 1178 3860 jejunium),
1190 3779 1302 3857 quarti

139 3881 306 3944 ebdomade
329 3881 470 3957 secunda,
493 3878 615 3964 septimi
636 3874 854 3965 (Septembris)
875 3878 1043 3940 ebdomada
1065 3877 1165 3952 tertio,
1187 3877 1301 3943 decim

138 3983 347 4070 (Decembris)
372 3984 540 4047 ebdomade
565 3993 689 4067 quarta,
720 3980 916 4045 sabbatorum
946 3980 1048 4043 diebus
1075 3980 1109 4042 in
1138 3980 1299 4045 duodecim

140 4088 323 4163 lectionibus,
348 4087 425 4150 siout
447 4087 480 4148 in
506 4084 776 4149 sacramentorum
801 4081 878 4145 libro
902 4084 1071 4146 continetur
1090 4083 1133 4145 ad
1147 4081 1298 4148 Sanctum

138 4190 278 4266 Petrum,
288 4191 341 4252 ott
355 4191 454 4252 misene
470 4188 669 4265 celebrantur,
680 4197 846 4274 postquam
862 4186 1063 4271 antiphonam
1078 4187 1120 4248 ad
1134 4185 1298 4250 introitum

138 4292 284 4367 dicerint,
310 4292 385 4354 deta
409 4291 545 4354 oratione
569 4302 688 4352 annuat
706 4285 902 4375 (adsentiat)
922 4287 1065 4372 pontifice
1091 4287 1124 4348 iu
1140 4287 1297 4372 populum

138 4395 238 4459 dicens
252 4392 379 4481 (itetttm
394 4391 531 4476 dicene):
