2866 4934
524 392 769 440 CONSECRATIO
785 394 920 440 VIDUAE.

567 636 675 700 Oratio
691 637 733 697 od
747 637 883 698 missam.

179 751 395 839 'Omnipotens
420 753 516 829 Deus,
539 752 681 817 fidelium
705 766 807 817 rector
831 753 1017 831 animarum,
1034 776 1182 817 conserva
1202 755 1235 816 in
1251 754 1300 818 his

143 853 317 919 famulabus
343 857 405 920 tuis
432 855 596 943 virginalis
621 856 684 943 (vel
709 855 889 940 viduitatis)
918 855 1079 942 pudicitia>
1105 858 1298 943 propositum

142 959 228 1043 quod
251 959 375 1036 dedisti,
398 984 567 1046 earumque
590 958 779 1024 desiderium
799 983 898 1045 usque
913 958 953 1022 ad
968 972 1217 1022 consummatum
1235 959 1299 1023 vic·

143 1060 230 1123 toriae
245 1061 441 1147 triumphum
461 1061 595 1147 Spiritus
613 1060 720 1126 Sancti
735 1072 822 1124 tuere
839 1060 987 1124 custodia.
1034 1060 1102 1123 Per.

568 1234 669 1318 Sapen
685 1233 876 1296 oblationem.

192 1370 332 1457 Respice,
358 1372 505 1448 Domine,
533 1370 688 1458 propitius
719 1393 810 1456 super
839 1371 921 1434 hanc
950 1371 1098 1435 famulam
1128 1383 1214 1434 tuam
1238 1372 1302 1458 (vel

140 1473 272 1536 famulas
287 1474 370 1559 tuas)
390 1474 429 1537 ad
455 1486 560 1538 sancte
583 1472 717 1537 hostiam
742 1486 854 1537 nostrae
873 1475 1031 1538 servitutis
1046 1488 1101 1537 tuo
1116 1477 1297 1560 conspectui

140 1575 378 1653 immolandum,
389 1589 424 1639 ut
435 1576 501 1639 haee
512 1576 634 1639 famulae
645 1589 706 1640 tuae
714 1575 906 1662 virginitatis
915 1578 978 1662 (cel
993 1577 1172 1663 viduitatis)
1186 1590 1297 1642 sanctae

137 1679 343 1763 propositum,
360 1679 455 1764 quod,
471 1691 502 1743 te
517 1679 698 1764 inspirante,
715 1679 896 1765 suscipiant,
918 1693 949 1743 te
972 1681 1179 1767 gubernante,
1195 1695 1296 1745 custo·

141 1780 240 1843 diant.
286 1780 354 1843 Per.

643 1954 794 2041 Profatio.

186 2088 270 2153 Vere
294 2088 437 2174 dignum.
484 2089 544 2167 Tu,
573 2090 720 2168 Domine,
744 2091 845 2178 gratia
865 2101 919 2154 tua
943 2090 1156 2176 perveniente,
1181 2092 1299 2177 adjuva

139 2190 323 2254 ancillarum
338 2203 463 2254 tuarum
474 2191 681 2268 voluntatem,
698 2216 766 2277 quae
781 2193 904 2278 eligunt
918 2191 1080 2254 meliorem
1103 2192 1294 2277 portionem:

140 2305 242 2380 presta
257 2294 301 2358 eis
321 2307 357 2357 ut
378 2294 478 2358 sobrie
500 2295 675 2381 pudiceque
696 2294 849 2371 viventes,
865 2293 932 2356 haec
950 2293 1066 2357 faciant
1087 2317 1208 2380 semper
1230 2319 1297 2379 qum

139 2397 198 2461 tibi
214 2398 276 2461 sint
290 2398 413 2485 placita.
461 2397 529 2460 Per.

582 2570 678 2657 Infra
693 2571 849 2633 actionem.

183 2705 275 2767 Hanc
289 2704 387 2790 igitur
401 2704 591 2768 oblationem
606 2704 794 2767 famularum
810 2717 947 2782 tuarum,
960 2727 1053 2790 quam
1063 2703 1124 2767 tibi
1135 2703 1294 2768 offerimus

138 2808 179 2871 ob
194 2807 279 2871 diem
294 2808 405 2871 natalis
420 2829 538 2883 earum,
554 2830 616 2892 quo
632 2829 683 2870 eas
697 2828 781 2869 sacro
797 2806 953 2871 velamine
967 2819 1131 2893 protegere
1146 2806 1294 2893 dignatus

137 2933 179 2988 es,
196 2934 370 2996 quaesumus
386 2910 533 2986 Domine,
548 2911 689 2996 placatus
706 2907 855 2995 [accipias
861 2908 906 2995 *].
954 2910 1021 2974 Per.

544 3083 621 3147 Post
635 3084 885 3145 communionem.

180 3222 320 3287 Muneris
335 3223 437 3286 divini
451 3223 620 3308 perceptio,
634 3245 808 3308 quaesumus
824 3222 971 3299 Domine,
988 3245 1109 3307 semper
1124 3223 1246 3287 anobis
1261 3236 1293 3286 et

135 3339 260 3411 peccata
275 3337 379 3389 nostra
394 3325 588 3402 submoveat,
605 3336 637 3388 et
652 3336 781 3387 externa
796 3324 941 3411 depellat.
989 3325 1049 3387 Per
1064 3325 1247 3388 Dominum.

510 3579 763 3644 Consacaarro
779 3595 915 3643 caocrs.

180 3740 338 3824 Asparges
352 3760 413 3800 me.

180 3840 328 3904 Miserere
342 3839 416 3917 mei,
434 3838 528 3902 Deus.

179 3941 264 4005 Deus
279 3941 395 4027 gloriae,
412 3940 534 4004 excelse
552 3937 697 4014 Sabaoth,
713 3937 879 4001 fortissime
892 3936 1090 4014 Emmanuel,
1105 3937 1190 4001 Deus
1204 3949 1293 4022 pater

133 4045 215 4109 bone
237 4056 269 4109 et
288 4043 429 4130 pulchre,
452 4054 540 4128 pater
562 4040 756 4127 vigilationis
777 4051 871 4125 atquc
893 4039 1143 4102 inluminationis
1170 4051 1291 4117 nostrae,

134 4149 188 4233 qui
213 4147 368 4211 mundum
395 4146 488 4234 regis,
505 4145 559 4229 qui
581 4155 694 4208 cuncta
716 4167 813 4232 regna
836 4142 984 4229 disponis,
1001 4142 1056 4228 qui
1082 4165 1114 4205 cs
1137 4144 1288 4207 bonorum

608 4367 623 4400 *
642 4370 715 4415 Deest
726 4370 751 4414 in
764 4369 817 4414 MS.
