2866 4934
515 371 757 420 commenta
772 371 989 421 massanus

509 560 758 627 Cousncasrro
775 560 1001 626 Pansmrnru.

224 732 360 797 Domine
389 743 504 810 sancte,
536 732 626 797 Pater
659 733 875 820 Omnipotens,
905 746 1018 796 aeterne
1048 729 1147 808 Deus,
1178 730 1336 796 honorum

179 847 298 913 auctor,
312 845 347 899 et
368 833 551 899 distributor
569 837 711 900 omnium
732 836 935 925 dignitatum,
952 858 1012 922 que
1026 833 1087 898 tibi
1111 833 1267 912 militant,
1283 857 1337 921 per

180 961 274 1026 quem
288 935 453 1026 proficiant
466 937 621 1020 universa,
633 964 689 1027 per
704 962 797 1026 quem
812 951 925 1004 cuncta
948 937 1125 1016 firmantur,
1137 936 1338 1023 amplificatis

179 1064 302 1129 semper
326 1039 361 1105 in
390 1041 501 1105 melius
529 1053 647 1106 naturae
675 1041 835 1107 rationalis
864 1038 1074 1119 incrementis,
1105 1063 1162 1127 per
1192 1040 1336 1107 ordinem

180 1167 319 1232 congrua
333 1143 452 1210 ratione
467 1143 661 1232 dispositum.
706 1144 802 1209 Unde
824 1156 856 1207 et
878 1143 1079 1208 sacerdotales
1098 1143 1228 1228 gradus,
1244 1155 1337 1229 atque

180 1247 283 1313 officia
296 1247 474 1327 levitarum,
490 1248 687 1313 sacramentis
706 1247 846 1334 mysticis
860 1247 1003 1311 instituta
1018 1258 1197 1328 creuerunt,
1212 1258 1252 1310 ut
1266 1269 1337 1311 cum

179 1350 343 1441 pontifices
358 1374 495 1416 summos
509 1351 653 1436 regendis
664 1351 787 1437 populis
797 1349 991 1437 praefecisses,
1003 1348 1043 1412 ad
1057 1371 1166 1413 eorum
1183 1349 1338 1413 societatis

181 1468 214 1520 et
239 1455 341 1541 operis
364 1452 592 1536 adjumentum,
608 1453 763 1539 sequentis
781 1452 898 1516 ordinis
913 1453 997 1516 viros
1018 1464 1050 1515 et
1072 1452 1208 1516 secunde
1232 1452 1337 1539 digni·

181 1555 256 1623 tatis
280 1555 419 1642 eligeres.
466 1553 518 1619 Sic
547 1554 581 1617 in
609 1555 736 1619 heremo
765 1578 821 1643 per
850 1555 932 1618 lxx¹⁸
960 1555 1100 1618 virorum
1131 1555 1337 1639 prudentium

181 1669 332 1736 mentem,
355 1656 459 1743 Moysi
473 1655 616 1744 spiritum
630 1658 819 1745 propagasti,
843 1657 956 1743 quibus
975 1657 1029 1720 ille
1047 1656 1244 1741 adjutoribus
1266 1680 1340 1722 usus

183 1762 218 1826 in
247 1760 375 1849 populo,
399 1759 584 1825 innumeras
612 1759 831 1825 multitudines
861 1759 950 1824 facile
979 1759 1177 1846 gubernavit.
1224 1759 1279 1824 Sic
1304 1760 1339 1823 in

184 1863 354 1930 Eleadzaro
375 1875 408 1927 et
433 1863 572 1928 Ithamar
593 1861 666 1951 filiis
690 1863 809 1942 Aaron,
828 1874 963 1949 paternae
987 1862 1194 1950 plenitudinis
1216 1861 1339 1931 habun÷

182 1967 323 2035 dentiam
337 1965 541 2045 transfirdisti,
556 1977 593 2031 ut
607 1966 647 2031 ad
660 1965 775 2032 hostias
790 1966 947 2046 salutares,
963 1979 995 2031 et
1010 1966 1228 2053 frequentioris
1243 1966 1341 2033 officii

182 2082 384 2149 sacramenta,
408 2068 617 2134 ministerium
636 2069 790 2134 sufficeret
810 2069 1021 2135 sacerdotum:
1043 2068 1103 2133 hac
1127 2068 1340 2155 providentis,

184 2171 331 2255 Domine,
347 2172 493 2260 apostolis
508 2171 585 2237 Filii
598 2172 657 2251 tui,
673 2172 813 2239 doctores
830 2171 916 2251 fidei,
941 2172 1070 2237 comites
1093 2172 1253 2252 addidisti,
1270 2173 1340 2259 qui·

182 2278 240 2344 bus
254 2276 303 2341 illi
317 2277 424 2342 orbem
440 2289 541 2342 totum
556 2276 698 2343 secundis
718 2275 969 2365 praedicatoribus
989 2275 1210 2363 impleverunt.
1257 2275 1353 2357 Quae,

182 2393 308 2468 propter
327 2379 504 2444 infirmitati
527 2402 652 2466 quoque
666 2391 788 2456 nostrae,
804 2379 941 2443 Domine
961 2401 1146 2466 quaesumus,
1161 2378 1230 2445 heae
1248 2362 1362 2467 34131-

184 2495 290 2547 menta
315 2483 440 2570 largire,
467 2481 540 2568 quia
566 2493 683 2566 quanto
708 2481 809 2567 magis
834 2480 1006 2568 fragiliores
1035 2504 1152 2559 sumus,
1178 2478 1269 2546 tanto
1290 2472 1342 2549 liis

184 2586 327 2673 pluribus
344 2585 532 2672 indigemus.
577 2583 637 2662 Da,
659 2605 834 2669 quaesumus
854 2582 1060 2670 Omnipotens
1079 2583 1181 2662 Pater,
1197 2585 1233 2647 in
1253 2584 1344 2650 hunc

184 2688 339 2755 famulum
363 2701 455 2755 tuum
470 2687 533 2776 (vel
552 2686 610 2751 hos
631 2684 763 2751 famulos
777 2685 863 2774 tuos)
884 2686 933 2750 Ill.
948 2685 1123 2774 presbiterii
1137 2686 1340 2774 dignitatem,

185 2792 302 2855 innova
327 2791 362 2854 in
391 2790 560 2879 risceribus
586 2789 652 2872 ejus
676 2788 739 2874 (ael
767 2788 892 2876 eorum)
916 2789 1060 2876 spiritum
1089 2789 1273 2869 sanctitatis,
1303 2803 1342 2857 ut

185 2905 347 2979 acceptum
373 2903 454 2969 ate,
477 2891 573 2968 Deus,
597 2889 725 2954 secundi
748 2891 852 2956 meriti
874 2914 989 2956 munus
1011 2891 1152 2956 obtineat
1172 2891 1236 2978 (cal
1258 2894 1340 2959 obti-

185 2995 307 3080 neant),
323 3015 546 3079 censuramque
567 3015 690 3056 morum
711 2995 855 3082 exemplo
879 3017 940 3058 suae
961 2993 1024 3080 (ael
1044 2994 1187 3080 suorum)
1209 3019 1340 3063 conver-

186 3096 313 3162 sationis
336 3095 474 3159 insinuet
498 3094 561 3181 (uel
589 3094 773 3183 insinuent).
820 3096 869 3162 Sit
897 3096 1046 3184 providus
1072 3111 1252 3185 cooperator
1277 3100 1342 3187 (val

186 3199 250 3263 sint
271 3197 398 3286 providi
420 3196 647 3284 cooperatores)
670 3198 787 3263 ordinis
808 3199 917 3279 nostri,
941 3200 1061 3264 eluceat
1084 3199 1118 3266 in
1140 3224 1177 3265 eo
1197 3201 1261 3288 (val
1278 3205 1341 3292 eis)

186 3302 282 3367 totius
291 3301 390 3366 forma
400 3299 540 3386 justitiae,
552 3312 589 3364 ut
599 3300 714 3364 bonam
724 3301 877 3367 rationem
889 3302 1125 3390 dispensationis
1139 3303 1199 3369 sibi
1214 3306 1342 3374 creditae

185 3405 364 3472 redditurus
377 3405 445 3494 (ael
453 3402 632 3496 reddituri),
647 3416 760 3470 aterne
774 3404 978 3470 beatitudinis
991 3405 1110 3493 premia
1132 3422 1341 3495 consequatur

186 3511 249 3598 (ael
262 3505 512 3596 consequantur).
559 3506 626 3571 Per.

657 3681 738 3743 Item
753 3680 861 3743 cratin

232 3817 393 3896 sanabis,
409 3815 528 3894 fratres,
544 3813 719 3880 communis
738 3813 847 3892 oratic,
863 3827 900 3878 ut
914 3813 963 3879 his
977 3814 1041 3902 (ael
1053 3813 1114 3903 hi),
1131 3816 1187 3903 qui
1204 3817 1238 3883 in
1250 3817 1340 3903 adju.

185 3923 302 3990 terium
325 3932 357 3988 et
378 3918 548 3985 utilitatem
566 3929 675 3984 vestrae
692 3917 799 3982 salutis
820 3917 948 4005 eligitur
968 3916 1031 4005 (cel
1054 3918 1341 4009 eliguntur),p1=eg.

185 4026 334 4093 biteratus
356 4021 607 4089 benedictionem
632 4020 747 4085 divinae
762 4020 966 4108 indulgentiae
988 4044 1117 4087 munere
1132 4035 1341 4112 consequatur
1403 4066 1406 4075 ·

185 4128 247 4214 (ael
261 4123 512 4215 consequantur),
528 4135 565 4188 ut
583 4123 689 4189 Sancti
707 4122 841 4209 Spiritus
856 4123 1056 4188 sacerdotalia
1074 4124 1156 4189 dona
1170 4126 1340 4216 privilegio

185 4229 350 4307 virtutum,
379 4251 420 4293 ne
448 4227 539 4313 inpar
567 4225 636 4289 loco
667 4223 916 4310 deprehendatur
945 4225 1008 4311 (ael
1037 4225 1337 4317 deprehendantur),

185 4330 324 4396 obtineat
338 4330 399 4415 (vel
414 4329 599 4412 obtineant).
646 4326 713 4390 Per.
