2866 4934
452 338 699 387 PONTIFICALE
714 337 937 386 ECGBERHTI.

584 583 641 645 Ad
649 582 813 669 papulam.

163 715 345 801 Propitiarc,
363 715 510 796 Domine,
528 718 652 782 familia·
667 732 739 797 tura,
755 731 787 783 et
797 716 956 800 benignus
965 715 1180 781 humilitatis
1192 727 1292 780 nostra

119 831 192 883 vota
222 818 390 896 sanctifica,
416 833 448 883 ct
472 843 581 884 omnes
603 823 637 884 in
659 822 720 885 hoc
746 822 831 885 fonte
853 819 1102 905 regenerandos
1129 818 1293 885 universali

120 922 288 1009 adoptione
304 922 435 986 custodi.
483 923 549 986 Per.

411 1232 453 1294 Iu
476 1247 773 1295 consncaarmnn
796 1245 993 1294 emmanu.

166 1405 330 1468 Primitiae
346 1426 414 1466 cam
430 1425 511 1487 aqua
527 1403 680 1466 benedicta
694 1404 850 1489 episcopas
862 1423 929 1464 cam
941 1400 1067 1465 clericis
1084 1406 1156 1468 sais
1172 1406 1290 1469 circam·

124 1512 198 1572 darc
213 1508 317 1570 deleat
332 1528 418 1569 ornae
431 1507 624 1582 cimiterium,
641 1529 709 1569 cam
724 1506 870 1568 Psalmo:
917 1503 1074 1571 Miserere
1103 1510 1175 1573 mei
1203 1509 1290 1583 Deus,

124 1623 152 1676 ct
166 1610 332 1696 Aritifoaa,
358 1610 513 1696 Asperges
528 1632 594 1672 me:
609 1620 718 1694 postca
734 1609 867 1684 litania5
890 1609 1001 1672 driade
1016 1611 1121 1690 dicat,
1141 1611 1291 1677 Dominus

125 1713 298 1778 vobiscum.

453 1887 496 1947 Ia
512 1886 656 1948 orientali
671 1887 784 1972 arpalo
800 1885 950 1948 cimiterii.

171 2021 266 2097 Deus,
283 2020 337 2104 qui
353 2042 384 2082 es
396 2019 492 2083 totius
507 2020 590 2083 orbis
605 2021 759 2099 conditor,
776 2033 807 2084 et
816 2018 948 2083 humani
957 2019 1089 2104 generis
1098 2022 1289 2110 redemptor,

128 2137 373 2208 cunctarumque
399 2136 609 2186 creaturarum
636 2123 807 2187 visibilium
832 2136 864 2187 et
893 2121 1109 2186 invisibilium
1139 2125 1291 2212 perfectus

128 2227 305 2315 dispositor,
333 2240 364 2290 te
388 2226 521 2313 supplici
547 2249 624 2289 voce
651 2239 682 2290 ct
707 2250 787 2312 puro
810 2226 902 2290 corde
925 2224 1143 2310 exposcimus,
1168 2241 1207 2292 ut
1236 2228 1291 2292 hoc

128 2331 318 2396 cimiterium
345 2330 410 2393 sive
433 2329 643 2416 poliandrum,
672 2330 706 2392 in
731 2354 794 2416 quo
818 2329 1006 2393 famulorum
1035 2327 1291 2421 famularumque

130 2447 255 2497 tuarum
281 2455 409 2517 corpora
439 2432 629 2517 requiescere
656 2432 782 2512 debent,
809 2447 879 2519 post
908 2430 1063 2496 curricula
1090 2433 1193 2519 hujus
1222 2436 1291 2500 vita

128 2537 275 2614 labentia,
289 2535 490 2614 sanctificare,
507 2558 651 2622 purgare,
669 2536 770 2622 adque
784 2537 968 2601 benedicere
990 2533 1153 2621 digneris:
1178 2539 1291 2626 quique

130 2654 326 2726 peccatorum
341 2639 553 2703 remissionem
569 2661 624 2724 per
646 2651 731 2702 tuam
754 2662 902 2724 magnam
928 2637 1183 2705 misericordiam
1206 2642 1241 2705 in
1262 2654 1292 2706 te

129 2743 299 2809 fidentibus
324 2743 496 2830 prestitisti,
524 2742 705 2828 corporibus
734 2766 809 2805 vero
836 2765 943 2806 eorum
973 2741 1007 2804 in
1032 2741 1097 2807 hoc
1137 2745 1292 2811 cimiterio

131 2846 371 2931 quiescentibus,
397 2857 428 2909 et
454 2847 562 2910 tubam
589 2845 683 2931 primi
714 2845 908 2932 Archangeli
938 2844 991 2908 hic
1021 2850 1291 2933 exspectantibus,

131 2949 373 3011 consolationem
389 2963 571 3034 perpetuam
587 2948 716 3034 largitor
732 2949 890 3035 inpertire.
937 2949 1005 3012 Per.

465 3135 508 3197 Ia
524 3136 655 3197 australi
670 3139 782 3223 capulo
798 3139 946 3201 cimiterii.

178 3270 313 3333 Domine
343 3268 466 3347 Sancte,
494 3271 586 3333 Pater
614 3270 830 3358 Omnipotens,
858 3274 940 3337 trina
975 3273 1133 3357 Majcstas,
1167 3293 1200 3342 et
1230 3304 1293 3344 una

134 3376 251 3452 Deitas,
276 3375 377 3450 Pater,
403 3386 434 3436 et
456 3373 566 3452 Filius,
583 3397 680 3438 necne
699 3375 832 3461 Spiritus
851 3377 992 3454 Sanctus
1013 3377 1147 3460 justitiae
1172 3395 1292 3462 auctor,

133 3480 232 3545 veniae
255 3477 396 3564 largitor,
424 3477 577 3541 bonorum
603 3477 702 3555 dator,
728 3479 900 3543 sanctitatis
933 3480 1032 3565 erige,
1064 3479 1292 3551 charismatum

134 3584 327 3660 distributor,
354 3580 557 3667 omniumque
578 3581 617 3643 ad
638 3592 669 3644 te
695 3581 891 3644 uenientium
917 3582 988 3667 pius
1007 3596 1165 3669 receptor:
1190 3601 1294 3673 presta

134 3687 298 3775 propitius,
313 3695 350 3748 ut
373 3683 433 3747 hoc
454 3684 644 3748 cimiterium
660 3683 693 3744 in
716 3680 835 3746 honore
855 3685 992 3749 nominis
1006 3685 1055 3749 tui
1078 3691 1293 3775 compositum

135 3791 317 3855 benedicere
340 3799 371 3850 et
394 3786 584 3851 sanctificare
608 3784 767 3862 concedaS,
784 3786 839 3871 qui
855 3787 991 3851 Abrahae
1006 3790 1097 3853 beato
1113 3793 1294 3876 patriarche

135 3894 253 3957 famulo
273 3904 329 3956 tuo
350 3902 463 3953 terram
487 3913 504 3953 a
525 3889 597 3952 filiis
622 3888 751 3952 Hebron
779 3902 987 3975 comparatam
1015 3915 1106 3956 causa
1130 3898 1294 3981 sepulture

135 3995 348 4071 benedixisti;
372 4004 403 4055 et
425 3992 481 4076 qui
502 3993 619 4078 populo
644 3990 836 4055 Israhelitico
859 3993 1072 4077 promissionis
1094 3997 1243 4064 tellurem
1259 4002 1295 4065 in

136 4122 202 4161 aevo
211 4098 376 4160 durantem
388 4093 574 4170 concessisti,
585 4093 774 4156 famulorum
785 4093 1033 4181 famularumque
1043 4108 1171 4163 tuarum
1184 4126 1295 4191 corpo-

136 4200 222 4263 ribus
231 4200 264 4261 in
276 4199 336 4261 hoc
348 4195 537 4260 cimiterium
553 4195 753 4271 intrantibus,
771 4195 884 4280 quietis
902 4196 1006 4260 sedem
1023 4199 1061 4262 ab
1083 4203 1172 4266 omni
1188 4205 1297 4272 incur·

137 4302 222 4364 sione
237 4301 390 4362 malorum
406 4297 583 4382 spirituum,
600 4309 631 4360 et
646 4296 777 4360 tutelam
793 4298 948 4384 benignus
962 4300 1092 4386 largitor
1108 4305 1242 4390 tribuas,
1259 4326 1297 4376 ut
