2866 4934
524 397 823 445 BENEDICTIONES.

190 619 376 682 Benedictio.
421 618 497 681 Kal.
513 620 705 683 Novembris.
750 620 868 685 Notcle
884 620 992 684 Sancti
1006 619 1139 683 Hilarii.

140 751 235 829 Deus,
263 751 408 814 fundator
432 750 518 830 fidei,
543 753 684 817 indultor
708 753 881 830 sacerdotii,
907 753 1110 839 congregatio
1136 753 1247 838 plebis,

96 861 297 925 sanctificatio
313 862 503 940 confessoris,
524 863 578 948 qui
593 863 720 927 beatum
737 863 895 925 Hilarium
910 861 969 925 hac
984 863 1109 926 annasti
1120 863 1248 942 virtute,

96 975 132 1025 ut
146 963 205 1027 tibi
220 962 369 1026 militaret
384 963 418 1025 in
434 962 507 1041 fide,
524 964 658 1027 concede
682 964 757 1027 huio
780 963 904 1026 familiae
926 986 983 1048 pro
1006 986 1038 1025 sc
1052 962 1138 1026 hunc
1153 965 1249 1028 inter·

96 1089 244 1129 cessorem
259 1089 334 1143 esse,
351 1090 444 1151 quem
459 1066 541 1129 votis
556 1067 631 1130 colit
646 1065 827 1152 pontificem
841 1066 876 1128 in
891 1064 962 1128 fide.
1008 1065 1122 1129 Arnen.

143 1169 191 1233 Sit
206 1169 289 1255 apud
305 1182 336 1232 te
351 1193 408 1255 pro
422 1170 513 1232 nobis
528 1184 681 1248 exorator,
695 1170 750 1255 qui
766 1183 842 1233 tunc
858 1177 966 1232 contra
980 1169 1132 1233 hereticos
1146 1195 1203 1256 pro
1218 1185 1250 1234 tc

98 1273 219 1336 adstitit
248 1285 392 1336 assertor:
416 1285 462 1350 ut,
487 1285 518 1336 te
542 1273 744 1350 retribuente,
766 1273 900 1358 populus
918 1285 1033 1336 crescat
1056 1273 1249 1350 innumerus,

99 1378 182 1461 quod
198 1376 342 1440 suadavit
357 1377 390 1438 in
406 1376 469 1441 fide
484 1376 632 1440 sacerdos.

142 1481 200 1543 lllc
215 1503 270 1542 vos
286 1479 459 1544 benedicat.
505 1479 620 1543 Arnen.

143 1583 233 1662 Quod
248 1583 322 1669 ipse.
368 1583 483 1646 Amen.
574 1582 765 1646 Benedictio

394 1755 571 1818 Benedictio
592 1755 738 1820 Omnium
754 1755 946 1819 Sanctorum.

143 1891 315 1956 Benedicat
326 1913 381 1954 vos
406 1890 612 1976 Omnipotens
628 1891 713 1955 Deus
724 1915 779 1976 per
790 1891 932 1954 omnium
947 1904 1124 1954 sanctorum
1136 1893 1250 1978 glorio·

97 1995 248 2058 sissimam
259 1993 523 2072 intercessionem,
535 2007 567 2058 et
578 2007 712 2058 vestram
721 1994 930 2080 placidissime
939 1994 1089 2080 dignetur
1098 1997 1252 2082 suscipere

96 2097 306 2160 humillimam
320 2096 579 2161 benedictionem.

144 2202 187 2264 Et
216 2224 348 2286 quorum
378 2200 411 2262 in
447 2199 536 2262 terris
572 2199 665 2262 corde
701 2199 820 2262 sincero
850 2199 1062 2263 felicissimum
1092 2201 1252 2266 celebratis

98 2304 305 2390 triumphum,
322 2303 396 2389 ipsis
411 2302 637 2388 opitulantibus
652 2302 692 2365 ad
707 2324 814 2366 eorum
836 2302 869 2364 in
892 2303 976 2365 coelis
1001 2303 1131 2388 perduci
1154 2329 1252 2369 merc-

99 2406 195 2470 amini
210 2405 414 2470 desiderabile
429 2405 628 2470 consortium.

146 2509 298 2588 Quatinus
321 2508 436 2572 terreni
458 2508 596 2595 contagii
615 2508 745 2573 maculis
769 2508 941 2587 emundati,
958 2533 994 2573 ac
1008 2511 1162 2573 virtutum
1188 2535 1253 2575 om-

101 2612 190 2675 nium
220 2612 414 2675 radiantibus
442 2612 637 2698 lampadibus
666 2612 820 2689 exornati,
846 2623 878 2674 et
901 2612 1075 2677 coelestibus
1102 2615 1253 2700 conjungi

100 2715 245 2780 decenter
271 2715 460 2802 agminibus,
476 2727 509 2777 et
531 2714 672 2778 venienti
698 2737 809 2800 sponso
833 2715 961 2778 valeatis
991 2739 1149 2779 occurrere
1180 2741 1252 2782 cum

100 2821 252 2884 bonorum
268 2843 397 2905 operum
412 2818 605 2905 fulgentibus
619 2818 833 2881 luminaribus.
880 2818 994 2881 Amen.

147 2924 238 3002 Quod
253 2923 327 3008 ipse.
373 2923 487 2985 Amen.
578 2921 771 2984 Benedictio.

283 3113 459 3176 Benedictio
475 3113 508 3175 in
523 3112 626 3176 natale
642 3112 749 3176 Sancti
763 3112 900 3176 Martini
914 3114 1072 3200 Episcopi.

145 3249 229 3313 Deus
245 3249 300 3334 qui
324 3249 496 3313 Martinum
523 3251 676 3335 presulem
701 3264 792 3313 tuum
816 3251 860 3314 ita
885 3251 1113 3336 predestinasti,
1129 3269 1166 3316 ut
1181 3279 1252 3318 eum

102 3364 162 3414 tuae
177 3352 284 3438 gratiae
303 3352 482 3438 perenniter
498 3352 623 3436 juberes
643 3352 785 3438 astringi,
802 3353 888 3438 erige
903 3367 976 3416 vota
991 3354 1101 3439 populi
1116 3356 1170 3440 qui
1185 3382 1252 3442 prc-

101 3454 201 3517 tulisti
223 3455 357 3540 gloriosa
380 3455 491 3518 merita
513 3454 695 3518 confessori:
718 3453 861 3540 proficiat
886 3454 935 3518 his
957 3456 998 3519 ad
1018 3457 1155 3519 fructum
1177 3459 1253 3522 boni

101 3558 200 3642 operis
215 3557 364 3643 quicquid
379 3558 414 3621 in
429 3557 586 3621 sacerdote
601 3557 833 3641 amplectuntur
853 3580 909 3641 pro
932 3557 1024 3620 laude
1045 3558 1092 3620 tui
1108 3560 1252 3624 nominis.

103 3660 217 3724 Amen.

146 3764 189 3827 Et
209 3765 275 3848 ejus
296 3763 515 3827 intercessione
537 3761 590 3825 hic
612 3762 745 3847 populus
768 3773 974 3846 consequatur
989 3761 1123 3841 veniam,
1141 3766 1206 3850 qui,
1223 3779 1254 3830 te

101 3879 329 3944 remunerante,
345 3866 429 3930 felici
444 3864 571 3929 servitio
586 3864 730 3950 pervenit
744 3865 784 3927 ad
799 3864 944 3949 palmam.

148 3969 239 4048 Quod
253 3969 327 4054 ipse.
373 3969 488 4032 Amen.
579 3966 770 4030 Benedictio.

363 4141 539 4204 Benedictio
554 4141 588 4201 in
603 4139 710 4224 vigilio
727 4140 834 4203 Sancti
847 4139 993 4203 Andceec.

149 4279 354 4365 Omnipotens
370 4279 455 4341 Deus
473 4300 527 4341 sua
542 4298 597 4338 vos
618 4275 837 4339 benedictione
860 4275 1041 4353 circumdet,
1059 4277 1118 4360 qui
1128 4277 1255 4342 beatum

104 4382 264 4446 Andream
280 4381 447 4468 apostolice
462 4378 625 4466 dignitatis
640 4379 786 4464 preconio
802 4379 991 4442 sublimavit.
1037 4378 1152 4444 Amen.
