2866 4934
486 395 942 444 coasuoaarrocrnrrnan.
1248 379 1288 440 55

135 559 205 632 post
214 549 389 613 animarum
401 574 626 639 corporumque
632 553 888 617 resurrectionem
895 553 1110 628 coadunatam,
1117 550 1290 614 tedonante

135 662 227 735 atque
240 653 440 731 concedente,
456 655 684 719 beatitudinem
697 656 916 742 sempiternam
931 655 1088 742 percipere
1102 664 1289 717 mereantur.

447 828 490 890 Ia
506 829 683 891 occidentali
699 829 811 914 capelo
827 830 978 892 cimiterii.

179 961 315 1027 Domine
331 963 427 1041 Deus,
443 976 547 1050 pastor
562 977 676 1028 aeterne
700 965 818 1052 gloriae,
835 978 939 1029 custos
954 976 986 1028 et
1000 965 1091 1050 vigor
1105 961 1289 1049 prudentiae,

135 1063 215 1126 salus
233 1067 456 1151 egrotantium,
473 1068 614 1130 valitudo
641 1068 830 1154 potentium,
857 1079 1026 1131 mestorum
1052 1067 1199 1144 solamen,
1222 1065 1289 1127 vita

129 1167 298 1248 justorum,
329 1169 430 1252 gloria
459 1169 645 1233 humilium:
679 1182 711 1234 te
741 1169 930 1257 flagitamus,
961 1185 997 1234 ut
1022 1170 1082 1234 hoc
1112 1182 1287 1232 sanctorum

134 1282 261 1333 tuorum
277 1272 469 1335 cimiterium
485 1273 524 1335 ab
539 1273 626 1335 omni
649 1273 796 1358 spurcitia
817 1286 848 1337 et
866 1273 1104 1358 inquinamento
1123 1272 1288 1357 spirituum

133 1372 360 1437 inmundorum
386 1375 552 1455 custodire,
579 1377 733 1441 mundare
759 1389 791 1440 et
814 1376 997 1440 benedicere
1021 1375 1175 1461 digneris:
1198 1385 1290 1458 atque

133 1478 313 1562 corporibus
339 1478 487 1541 humanis
517 1477 593 1540 huic
618 1478 687 1540 loeo
711 1478 950 1542 advenientibus
982 1478 1190 1541 sinceritatem
1221 1498 1289 1561 per-

133 1593 260 1666 petuam
273 1582 410 1646 tribuere
426 1606 490 1645 non
503 1581 635 1658 desinas,
647 1594 683 1644 ut
695 1581 884 1668 quicumque
897 1581 1050 1668 Baptismi
1062 1591 1288 1644 sacramentum

134 1686 340 1770 perceperint,
366 1699 399 1748 et
422 1686 456 1748 in
481 1684 544 1749 fide
566 1685 728 1749 Catholioa
751 1709 848 1771 usque
874 1685 914 1749 ad
938 1685 1010 1748 vitae
1031 1683 1200 1748 terminum
1221 1705 1289 1767 per-

134 1800 307 1851 severantes
331 1788 459 1864 fuerint,
476 1802 569 1875 atque
585 1788 714 1852 decurso
736 1787 831 1872 hujus
850 1789 909 1851 aevi
929 1787 1075 1865 termine,
1092 1809 1219 1872 corpora
1235 1807 1289 1847 sua

134 1890 167 1951 in
188 1889 248 1952 hoc
263 1890 418 1953 cimiterio
434 1891 553 1975 requiei
575 1891 874 1970 commendaverint,
891 1891 1039 1978 angelicis
1063 1891 1146 1954 tubis
1166 1912 1289 1952 concre-

135 1993 291 2077 pantibus,
319 1993 450 2056 materia
476 1995 612 2080 corporis
644 2006 676 2058 et
706 1994 817 2058 animae
845 1994 945 2073 unita,
969 1994 1088 2080 premia
1117 1991 1289 2057 coelestium

135 2095 322 2180 gaudiorum
339 2096 526 2182 sempiterna
541 2098 723 2184 percipiant.
771 2099 838 2161 Per.

447 2288 489 2348 Ia
505 2287 682 2371 aquilonari
697 2288 810 2372 capulo
826 2289 975 2349 cimiterii.

180 2424 387 2510 Omnipotens
413 2424 508 2502 Deus,
525 2425 580 2510 qui
604 2448 636 2489 es
659 2437 761 2489 custos
779 2426 966 2502 animarum,
994 2438 1026 2489 et
1049 2424 1147 2489 tutela
1173 2425 1290 2502 salutis,

135 2525 211 2590 fides
226 2527 432 2605 credentium,
458 2528 574 2614 respice
597 2528 751 2614 propitius
766 2528 807 2591 ad
824 2540 935 2591 nostrae
961 2528 1119 2592 servitutis
1139 2528 1288 2605 officium,

135 2641 171 2690 ut
191 2629 231 2692 ad
251 2630 415 2692 introitum
436 2644 577 2693 nostrum
598 2630 862 2712 beneffldieatur,
879 2634 1135 2713 consefflcretur,
1152 2644 1183 2694 et
1204 2655 1289 2694 sanc-

135 2731 323 2814 tifflficetur
348 2733 407 2796 hec
434 2733 639 2796 cimiterium:
663 2732 810 2818 quatinus
831 2733 969 2796 humana
994 2757 1122 2819 corpora
1145 2733 1197 2796 hic
1219 2746 1289 2819 post

135 2835 207 2898 vita
223 2859 329 2899 cursus
344 2835 506 2922 pensantia
521 2835 555 2897 in
570 2858 686 2921 magne
697 2835 811 2919 judicii
824 2835 885 2912 die,
899 2836 992 2899 simul
1004 2860 1075 2900 cum
1088 2836 1171 2900 felici
1186 2836 1290 2901 anima

134 2951 312 3002 mereantur
326 2938 456 3024 adipisci
471 2938 536 3001 vite
551 2937 697 3023 perennis
712 2937 836 3024 gaudia.
884 2938 944 3001 Per
960 2939 1143 3002 Dominum.

486 3127 593 3190 Oratio
610 3129 643 3190 ia
658 3128 756 3190 medio
767 3127 940 3212 poliandri.

178 3260 309 3338 Adesto,
333 3283 507 3346 quaesumus
533 3261 669 3324 Domine
694 3260 790 3338 Deus,
815 3260 918 3324 officio
933 3273 1038 3325 nostre
1065 3261 1233 3339 servitutis,
1257 3275 1289 3326 et

134 3362 221 3426 hunc
236 3363 341 3426 locum
357 3363 514 3427 visitando
540 3377 651 3427 nostrae
666 3363 844 3449 fragilitatis
868 3363 1042 3428 ministerio
1062 3363 1235 3428 sanctifica:
1259 3379 1290 3429 et

82 3496 85 3503 ·
135 3465 216 3528 sicut
231 3465 421 3528 benedixisti
435 3489 491 3550 per
513 3489 623 3528 manus
643 3477 769 3551 patrum
785 3465 947 3552 sepulchra
972 3468 1138 3551 majorum,
1160 3467 1287 3546 seilicet,

136 3567 282 3646 Abrahae,
306 3569 401 3645 Isaac,
429 3580 460 3631 et
477 3569 588 3645 Jacob,
615 3580 646 3631 et
666 3569 866 3654 postmodum
882 3581 994 3631 nostrae
1018 3569 1127 3632 salutis
1150 3572 1288 3636 remedio

134 3671 278 3750 traditus,
295 3669 480 3758 flagellatae,
493 3671 682 3757 tandemque
698 3671 782 3734 cruci
792 3671 914 3748 affixus
931 3695 986 3757 per
997 3684 1029 3734 te
1041 3672 1155 3757 ipsum,
1170 3673 1289 3760 ,Ioseph

132 3775 285 3837 divinitus
300 3786 503 3861 praeparante,
529 3787 690 3838 terrenum
706 3773 905 3837 sanctificasti
920 3774 1137 3860 sepulchrum:
1162 3775 1206 3838 ita
1228 3776 1288 3841 hoo

135 3877 324 3940 cimiterium
339 3877 586 3958 beneffldicore,
604 3901 790 3955 consecrare,
808 3891 839 3942 et
854 3879 893 3942 ab
910 3878 1116 3943 invisibilium
1132 3879 1289 3946 maehina-

135 3980 251 4043 mentis
265 3979 403 4043 hostiurn
419 3981 563 4044 roborare
587 3981 741 4066 digneris:
765 4004 827 4066 quo
851 4005 958 4045 omnes
982 3982 1036 4068 qui
1060 3994 1129 4068 post
1152 3983 1289 4048 laborem

135 4083 208 4146 vitae
233 4083 286 4146 hic
313 4107 440 4170 corpore
476 4084 686 4170 pausaverint,
714 4096 870 4169 perpetuae
893 4085 1050 4149 felicitatis
1076 4085 1194 4171 premia
1216 4110 1288 4150 cen·

135 4199 311 4273 sequantur.
359 4188 426 4250 Per.
