2866 4934
135 356 173 417 16
473 362 721 411 rennuente
737 364 960 413 menarum.

128 521 344 590 subministret
358 521 421 606 (vel
435 517 702 605 subministrent),
717 534 750 585 et
769 519 943 607 requiescat
957 541 1064 607 super
1079 541 1162 585 eum
1177 519 1240 606 (vel
1251 516 1305 602 eoa)

131 624 259 715 spiritus
280 622 439 709 sapientire
459 633 491 686 et
512 621 701 686 intellectus.
745 623 840 709 Καρ.
856 622 976 685 Amen.
1030 620 1181 709 Spiritus
1198 619 1304 687 consilii

131 744 162 795 et
197 725 399 792 fortitudinis.
459 726 553 811 Raap.
582 724 698 789 Amen.
761 725 896 813 Spiritus
930 724 1081 789 scientiae
1114 740 1150 791 et
1183 723 1301 813 pietatis

132 834 226 919 Reap.
244 830 359 895 Amen.
406 829 537 916 lleplcas
559 851 632 892 eum
655 828 718 914 (vel
740 828 808 915 eos)
825 828 937 916 spiritu
953 827 1087 893 timoris
1110 829 1175 908 tui,
1191 842 1224 895 et
1242 850 1300 893 eum

130 935 194 1023 (vel
208 933 276 1018 eos)
287 932 462 997 ministerio
477 930 587 995 divino
603 930 779 1007 confirmes,
793 930 1001 995 utoboedicus
1016 930 1088 1017 (eal
1103 930 1301 1016 oboedientes)

132 1038 214 1103 facto
229 1049 323 1123 atque
338 1035 423 1099 dicto
438 1057 549 1124 parens
564 1033 627 1121 (vel
641 1032 811 1119 parentes),
828 1048 915 1098 tuam
930 1034 1074 1121 gratiam
1100 1048 1300 1123 consequatur

132 1141 196 1229 (vel
210 1140 463 1226 consequantur).
511 1138 578 1200 Per.

136 1472 277 1535 INCIPIT
310 1485 534 1532 BENEDICTIO
569 1486 618 1529 AD
649 1484 780 1531 STOLAS
810 1484 882 1529 vah
920 1483 1117 1534 PLANETAB
1157 1486 1298 1544 QUANDO

180 1588 324 1635 LEVITAE
346 1588 412 1634 SEU
436 1587 652 1635 PNESBITEBI
672 1585 879 1634 ORDINANDI
901 1587 1005 1649 SUNT,
1022 1590 1102 1636 AUT
1123 1590 1297 1639 ORDINA'I'I

178 1693 323 1749 QUIDEM
338 1692 420 1739 ESSE
436 1691 733 1740 REPPERIUNTUR.

179 1866 265 1930 Deus
280 1864 406 1928 invictae
420 1864 547 1928 virtutis
562 1862 784 1950 triumphator,
800 1876 832 1926 ct
847 1863 990 1926 omnium
1006 1886 1116 1928 rerum
1133 1880 1299 1932 creatorae

133 1968 351 2044 sanctificator,
375 1966 504 2031 intende
530 1966 685 2055 propitius
708 1989 814 2053 preces
835 1978 964 2043 nostras,
980 1979 1013 2030 et
1036 1965 1095 2031 has
1118 1971 1218 2035 stolas
1240 1971 1299 2034 sive

134 2070 275 2154 planetas
289 2068 422 2133 levitieae
437 2094 473 2134 ac
489 2070 685 2135 sacerdotalis
700 2069 799 2157 glorie
814 2069 965 2133 ministris
980 2069 1044 2133 tuis
1058 2070 1300 2159 frequentandas

135 2184 190 2237 tuo
205 2172 332 2260 proprio
348 2194 400 2235 ore
416 2172 610 2251 benedicere,
624 2196 659 2236 ac
678 2172 880 2250 sanctificare,
892 2196 1136 2260 consecrareque
1152 2178 1299 2264 digneris,

137 2297 306 2363 omnesque
330 2276 374 2341 eis
397 2289 530 2356 utentes,
556 2278 680 2362 tuisque
703 2275 849 2340 misteriis
874 2276 1004 2340 anobis
1029 2276 1176 2365 indignis
1201 2304 1301 2345 eonse-

136 2382 260 2445 crandis
275 2394 374 2468 aptos,
390 2392 422 2442 et
437 2381 496 2445 tibi
512 2381 546 2443 in
561 2380 605 2443 eis
621 2379 732 2442 devote
748 2391 780 2443 et
801 2378 975 2443 amabiliter
999 2380 1184 2462 servientes,
1200 2398 1302 2472 gratos

137 2483 258 2549 efficere
273 2483 433 2559 concedas,
450 2496 483 2546 et
497 2506 582 2547 nunc
597 2503 653 2569 per
668 2480 793 2546 infinita
808 2483 916 2546 saecula
931 2483 1124 2547 saeculorum.

171 2793 365 2858 lNCIPIUNT
381 2811 585 2858 ORATIONES
600 2813 650 2856 AD
667 2811 899 2857 VESTIMENTA
914 2810 1194 2860 SACERDOTALIA
1210 2815 1278 2862 SEU

624 2912 816 2961 LAEVITIOA.

185 3081 390 3167 Omnipotens
410 3081 596 3167 sempiterne
613 3083 708 3162 Deus,
725 3086 779 3171 qui
801 3110 856 3173 per
881 3085 1013 3171 Moysen
1036 3083 1193 3151 famulum
1210 3102 1303 3155 tuum

140 3182 331 3272 pontificalia
347 3207 401 3247 seu
412 3184 611 3249 sacerdotalia
623 3200 716 3272 atque
725 3188 851 3254 levitica
859 3189 1045 3252 vestimenta
1056 3189 1096 3252 ad
1105 3193 1303 3278 explendum

140 3289 173 3351 in
197 3299 365 3373 conspectu
385 3300 441 3350 tuo
465 3286 674 3353 ministerium
699 3314 818 3371 eorum,
835 3292 922 3358 etad
937 3291 1080 3355 decorem
1096 3315 1150 3356 seu
1173 3296 1303 3362 laudem

138 3389 275 3455 nominis
289 3390 338 3454 tui
352 3390 420 3455 fieri
436 3389 611 3471 decrevisti,
623 3393 728 3457 adesto
740 3396 894 3480 propitius
908 3394 1160 3460 invocationibus
1175 3401 1302 3480 nostris,

138 3495 251 3562 ethaeo
266 3493 451 3560 indumenta
462 3496 662 3561 sacerdotalia
674 3496 784 3560 famuli
796 3499 847 3561 vel
858 3498 1023 3561 sacerdotis
1038 3498 1085 3561 tui
1102 3499 1152 3562 lll.
1168 3501 1303 3590 desuper

140 3600 241 3690 gratia
262 3612 316 3664 tua
340 3599 501 3688 irrigante,
518 3612 572 3664 tua
592 3601 715 3689 ingenti
739 3601 956 3665 benedictione
970 3627 1026 3689 per
1040 3615 1151 3666 nostrae
1171 3604 1303 3672 humili·

138 3705 211 3769 tatis
237 3702 400 3769 servitium
422 3702 640 3791 puriffllicare,
666 3703 901 3785 beneffldicere,
926 3706 1207 3793 eonsefflerareque
1231 3711 1302 3798 dig-

139 3808 232 3886 neris,
257 3820 294 3872 ut
318 3807 435 3871 divinis
459 3806 595 3871 cultibus
621 3820 653 3871 et
679 3804 772 3870 saeris
797 3807 952 3892 mysteriis
978 3821 1050 3895 apta
1075 3820 1108 3872 et
1133 3810 1303 3878 benedicta

139 3911 285 3989 existant,
309 3909 359 3974 his
385 3934 509 3997 quoque
533 3911 625 3974 sacris
654 3908 791 3974 vestibus
817 3910 988 3974 sacerdotes
1017 3911 1082 3975 aive
1112 3912 1223 3978 laevitae
1253 3918 1304 3982 tui

139 4013 255 4093 induti,
271 4014 398 4090 muniti,
415 4027 447 4077 et
471 4013 599 4092 defensi,
616 4016 655 4080 ab
670 4013 815 4080 omnibus
837 4012 1065 4099 inpulsionibus
1089 4037 1142 4078 seu
1167 4028 1304 4105 tempta·

141 4115 279 4179 tionibus
308 4116 518 4201 malignorum
556 4116 720 4200 spirituum
757 4115 819 4179 tuti
849 4139 912 4178 esse
949 4129 1137 4194 mereantur,
1175 4120 1304 4208 tuisque

141 4217 297 4301 mysteriis
311 4230 383 4301 apte
398 4229 430 4280 et
444 4216 600 4300 condigne
616 4220 729 4280 servire
744 4230 776 4281 et
791 4216 943 4294 inherere,
957 4232 1049 4305 atque
1065 4220 1098 4281 in
1113 4220 1163 4283 his
1177 4223 1304 4306 placide

140 4330 173 4382 et
187 4318 299 4381 devote
313 4342 507 4402 perseverare
523 4317 635 4392 tribue,
656 4320 796 4383 Salvator
812 4321 924 4384 mundi
939 4322 994 4407 qui
1010 4322 1099 4384 vivis.
