2866 4934
127 342 168 399 86
470 353 712 403 corrisiones:
728 351 966 397 ECGBBRHTI.

128 506 323 585 descendere,
340 522 376 572 ut
401 510 524 574 lavaero
550 507 647 573 sancti
674 505 810 593 corporis
836 505 927 591 ipsas
956 529 1073 593 aquas
1099 506 1243 570 dilueret
1259 527 1316 568 cun

129 610 213 674 ablui
230 633 285 671 nos
300 611 441 697 elegeris.
488 616 602 677 Amen.

177 712 257 790 Quia
274 736 377 778 rursus
392 715 445 779 lric
460 717 513 780 ille
532 717 598 779 dies
616 713 732 799 estqui
747 712 780 775 in
796 710 914 776 Charra
933 712 1088 778 Galileae
1105 727 1142 778 te
1159 711 1319 799 designavit

132 814 303 877 Dominum
320 816 446 881 virtutis
466 832 498 883 ct
517 819 634 905 gloriae,
650 839 722 879 curn
742 816 781 879 ad
805 816 941 879 beatrrm
969 817 1197 894 convivium,
1210 826 1319 902 rogatus

132 917 171 980 ed
187 917 312 1003 nuptias
327 920 396 1004 quis
411 945 501 1001 esses,
517 919 734 986 demonstrasti
743 919 776 981 in
791 917 945 1004 operibus
961 919 1149 985 virtutum
1167 918 1318 984 miraculis.

137 1022 248 1083 Amen.

180 1122 270 1201 Quod
287 1124 360 1210 ipse.
407 1128 522 1190 Arnen.
612 1123 802 1190 Benedictio.

325 1299 367 1360 In
379 1301 597 1385 pam'sicettene
612 1299 732 1364 Sancte
747 1296 870 1359 Mane.
916 1295 1137 1364 Benedictio.

181 1434 387 1520 Omnipotens
411 1435 506 1513 Deus,
530 1437 584 1522 qui
607 1459 662 1522 per
678 1432 888 1519 Unigenitum
910 1454 1013 1496 suum
1041 1435 1213 1500 hodierna
1229 1435 1316 1500 diein

137 1551 293 1622 assumpta
308 1562 400 1601 carne
422 1540 454 1601 in
476 1541 594 1626 templo
610 1538 711 1603 voluit
724 1534 904 1624 presentari,
920 1535 1181 1604 benedictionis
1197 1564 1258 1604 suae
1272 1561 1317 1601 vos

139 1661 268 1700 munere
285 1638 377 1700 l'ultos
393 1639 482 1704 bonis
497 1642 642 1726 operibus
658 1640 750 1704 faciet
764 1636 918 1701 exornari.
970 1636 1104 1703 Amen.

184 1741 227 1804 Et
241 1740 295 1826 qui
311 1764 394 1818 cunr,
411 1758 447 1806 ut
466 1744 568 1829 legem
585 1745 778 1831 adimpleret,
794 1740 978 1804 ministrum
999 1743 1117 1808 voluit
1134 1745 1222 1808 effici
1237 1743 1315 1831 legis,

140 1859 259 1908 mentes
274 1858 389 1907 vestras
404 1845 537 1909 instruat
552 1849 630 1935 legis
645 1872 706 1911 suae
721 1844 910 1933 spiritalibus
925 1842 1155 1912 documentis.
1207 1851 1314 1913 Amen.

186 1950 256 2027 Quo
286 1948 314 2010 ei
345 1962 376 2011 et
406 1973 462 2034 pro
498 1953 672 2015 turturibus
710 1948 857 2014 castitatis
901 1969 956 2008 seu
1004 1951 1160 2016 caritatis
1191 1974 1314 2016 munera

141 2049 251 2113 offerre
267 2050 405 2127 valeatis,
422 2064 454 2114 ct
468 2077 525 2140 pro
541 2054 635 2139 pullis
655 2053 868 2117 columbarum
892 2048 1101 2134 spiritalibus
1128 2055 1225 2120 donis
1247 2078 1315 2118 exu-

142 2153 264 2216 berctis.

188 2257 279 2336 Quod
294 2257 369 2344 ipse.
415 2257 531 2321 Amen.
620 2257 813 2322 Benedictio

367 2431 552 2494 Benedictio.
597 2431 805 2494 Adnuntiutio
822 2428 941 2493 Sancte
956 2426 1091 2494 Maeiae.

190 2565 285 2642 Deus,
296 2564 351 2649 qui
366 2587 437 2626 eum
454 2576 485 2627 te
501 2589 563 2627 non
580 2567 705 2652 capiant
720 2567 801 2644 cccli,
819 2566 966 2651 dignatus
981 2587 1015 2627 es
1039 2567 1076 2630 in
1094 2572 1224 2658 templo
1239 2570 1315 2635 uteri

145 2668 308 2755 virginalis
323 2668 453 2744 includi,
470 2681 506 2731 ut
521 2682 619 2732 mater
634 2670 757 2756 integra
771 2670 898 2732 haberet
917 2680 948 2730 et
968 2667 1118 2734 fructum
1135 2673 1178 2738 de
1194 2675 1313 2762 spiritu,

145 2787 177 2836 et
199 2772 464 2858 incorruptionem
481 2772 519 2834 de
534 2785 637 2857 partu,
659 2773 698 2836 da
713 2772 874 2836 AEcclesiae
887 2784 948 2835 tuce
963 2772 1123 2856 angelum
1141 2779 1313 2854 custodem,

146 2877 201 2962 qui
217 2876 336 2938 Filium
353 2875 469 2952 Mariae,
486 2874 548 2938 fide
564 2876 768 2962 concipiente,
784 2875 933 2960 predixit.
978 2872 1101 2940 Amen.

195 2978 435 3063 Sanctificetque
460 3002 588 3064 gregem
609 2992 699 3042 tuum
722 2979 777 3042 illa
799 2977 986 3054 benedictis,
1004 3001 1077 3062 quae
1101 2983 1175 3048 sine
1198 2985 1315 3050 semine

148 3081 287 3142 humano
305 3079 545 3164 Redemptorem
561 3081 693 3167 virginis
708 3082 855 3145 formavit
868 3082 903 3144 in
917 3093 1016 3144 utere.
1064 3083 1191 3150 Amen.

195 3183 242 3246 Ut
262 3194 293 3244 te
308 3195 491 3268 protegente
514 3185 636 3247 exultet
651 3184 804 3248 AEcclcsia
821 3184 860 3248 de
875 3196 1067 3270 congregato
1084 3191 1221 3276 popule,
1238 3192 1317 3256 sicut

152 3287 251 3351 Maria
266 3284 382 3347 meruit
396 3285 522 3371 gloriari
538 3287 577 3349 de
592 3287 696 3349 fructu
710 3287 853 3372 pretioso.

197 3389 288 3471 Quod
303 3388 377 3473 ipse.
467 3389 659 3451 Benedictio.

266 3563 302 3628 V.
317 3560 394 3623 Kal.
410 3562 502 3625 Maii.
547 3561 688 3623 Ioventio
705 3562 825 3624 Sanctae
845 3561 960 3626 Crucis.
1004 3560 1203 3632 Benedictio.

196 3706 236 3785 *l*
277 3698 449 3764 Benedicat
458 3722 513 3762 vos
527 3698 733 3784 Omnipotens
746 3698 842 3775 Deus,
855 3700 909 3785 qui
921 3723 976 3785 per
989 3698 1166 3784 Unigeniti
1178 3709 1230 3771 sui
1241 3709 1265 3774 J
1267 3733 1321 3774 esu

155 3805 271 3868 Christi
303 3800 434 3865 Domini
466 3801 564 3864 nostri
595 3800 780 3884 passionem,
812 3813 844 3862 et
873 3803 973 3864 crucis
1001 3801 1187 3887 patibulum
1220 3835 1322 3897 genus

154 3907 287 3970 redemit
301 3905 486 3966 humanum.
532 3905 647 3967 Amen.

199 4008 419 4087 Concedatque
442 4007 530 4070 vobis
554 4019 591 4068 ut
615 4028 686 4066 cum
711 4003 855 4067 omnibus
879 4008 1002 4084 sanctis,
1019 4030 1087 4091 quae
1109 4010 1154 4073 sit
1175 4016 1324 4098 ejusdem

156 4111 254 4172 erucis
269 4105 447 4190 longitude,
463 4107 608 4182 latitud0,
625 4104 798 4167 sublimitas
814 4119 845 4167 et
860 4109 1061 4191 profundum,
1074 4127 1188 4178 mente
1205 4120 1325 4185 devota

157 4206 418 4290 comprehendere
433 4208 564 4291 possitis
610 4205 725 4268 Arnen.

204 4308 362 4384 Quatenus
377 4323 497 4372 vosmet
517 4310 598 4392 ipsos
623 4305 805 4388 abnegando
830 4331 1014 4397 crucemque
1038 4318 1208 4399 gestando,
1228 4325 1277 4390 ita
1293 4329 1328 4391 in
