2866 4934
539 392 840 440 nansmomonus.
1201 381 1259 441 131

112 554 200 607 tuam
219 544 349 625 incensi,
365 558 402 610 ut
421 567 528 610 omnes
542 546 707 634 languores
729 561 761 611 et
782 547 902 611 insidias
926 548 1052 613 odorem
1078 549 1174 635 ipsius
1195 570 1263 611 sen·

111 644 224 711 tientes
239 645 403 734 effugiant,
414 659 446 712 et
461 663 641 736 separentur
655 674 673 713 a
688 650 841 736 plasmatu
853 674 947 735 quam
962 651 1097 738 pretioso
1109 650 1263 737 sanguine

110 747 280 829 redemisti,
295 762 331 814 ut
346 773 508 838 nunquam
523 752 645 817 ledatur
660 777 678 818 a
693 776 798 818 morsu
812 753 935 840 antiqui
950 753 1111 840 serpentis.
1157 754 1225 817 Per.

469 992 700 1056 Bunumcnuo
715 1008 905 1055 asnorum.

158 1163 243 1228 Deus
259 1162 475 1250 Omnipotens,
492 1165 547 1250 qui
561 1164 716 1228 muudum
740 1187 782 1227 ex
805 1161 934 1228 informi
957 1164 1086 1228 materia
1109 1163 1219 1243 fecisti,
1232 1177 1265 1230 et

113 1266 241 1331 unicum
255 1266 373 1331 Filium
388 1278 479 1331 tuum
493 1267 553 1333 tibi
567 1278 755 1332 coaeternum
769 1288 826 1352 pro
841 1267 964 1352 generis
977 1266 1109 1331 humani
1123 1267 1265 1353 redemp-

114 1368 211 1448 tione,
224 1369 343 1457 Spiritu
361 1369 474 1435 Sancto
489 1382 684 1458 cooperante,
693 1371 854 1433 incarnare
864 1370 999 1453 jussisti:
1023 1372 1167 1449 concede,
1184 1394 1266 1456 quae·

114 1493 231 1551 sumus,
254 1485 291 1537 ut
315 1472 381 1537 haec
405 1496 500 1552 arma,
523 1473 644 1559 gladios
669 1473 816 1537 videlicet
839 1473 891 1536 vel
914 1475 1046 1551 lanceas,
1067 1473 1132 1537 sive
1155 1472 1266 1538 loricas

115 1587 170 1639 aut
190 1577 293 1662 galeas
310 1577 457 1662 labraque
479 1577 714 1660 beneffldicere
737 1599 976 1664 consecrareque
1002 1577 1151 1665 digneris,
1172 1587 1266 1662 atque

113 1701 170 1764 per
184 1678 333 1743 virtutem
358 1681 506 1766 potentiae
529 1692 590 1744 tuae
612 1680 650 1744 ab
674 1680 816 1744 hostibus
837 1693 946 1744 contra
970 1702 1028 1744 nos
1044 1679 1267 1744 dimicantibus

113 1779 225 1845 invicti
239 1794 450 1868 permaneant,
468 1795 499 1847 et
513 1782 702 1869 quicumque
717 1805 759 1845 ex
781 1782 831 1845 his
851 1783 1024 1870 pugnaturi
1046 1796 1131 1862 sunt,
1150 1781 1268 1846 incolo·

114 1884 256 1949 mitatem
286 1896 350 1948 tam
375 1886 510 1970 corporis
539 1907 633 1971 quam
663 1885 786 1962 animae,
811 1899 842 1949 te
872 1885 1051 1971 adjuvante,
1082 1885 1266 1971 percipiant.

116 1986 184 2051 Per.

157 2091 313 2169 Psalmus,
331 2090 407 2154 Filii
421 2091 515 2156 alieni
530 2112 624 2176 acque
638 2093 672 2154 in
679 2093 789 2178 finem.
833 2092 879 2155 Et
902 2090 1047 2176 Exurgat
1073 2090 1159 2155 Deus
1173 2112 1268 2175 usqae

115 2192 149 2256 ia
170 2195 280 2280 finem.
309 2192 475 2279 (Caritate)
530 2193 719 2258 Benedictus
750 2193 906 2256 Dominus
937 2191 1023 2254 Deus
1056 2212 1145 2253 meus
1175 2210 1268 2273 usque

116 2292 252 2359 Domine
266 2294 403 2383 quidem.
447 2297 494 2361 Et
515 2320 597 2383 aqua
612 2297 765 2362 benedicto
786 2306 991 2384 osparqentar
1010 2315 1111 2368 arma,
1128 2304 1157 2356 et
1169 2291 1269 2354 securi

109 2410 217 2482 postea
232 2398 367 2463 homines
381 2409 506 2463 utentur
521 2400 572 2463 eis.

159 2501 366 2588 Omnipotens
395 2514 427 2565 et
451 2502 623 2566 misericors
657 2502 752 2579 Deus,
778 2503 866 2588 cujus
895 2524 1029 2589 regnum
1053 2511 1100 2563 est
1125 2497 1268 2562 omnium

114 2606 306 2683 saeculorum,
329 2604 569 2689 supplicationes
591 2616 710 2668 nostras
730 2603 900 2668 clementer
917 2603 1044 2681 exaudi,
1060 2612 1092 2666 et
1113 2599 1267 2665 famulum

112 2718 203 2772 tuum
218 2731 326 2795 regem
349 2718 489 2770 nostrum
512 2719 544 2771 et
565 2730 699 2793 regnum
723 2706 781 2770 sibi
800 2707 960 2772 subditum
976 2716 1116 2792 protege,
1132 2725 1168 2766 ac
1182 2701 1268 2787 prin·

112 2809 251 2896 cipetum
276 2809 397 2872 militioe
422 2810 607 2896 multiplica,
638 2823 675 2874 ut
699 2810 734 2872 in
763 2822 818 2874 tua
844 2809 961 2875 virtute
990 2806 1181 2873 confidentes
1210 2803 1270 2867 tibi

113 2913 267 2996 placeant,
283 2923 315 2976 et
330 2935 421 2997 super
436 2913 541 2976 omnia
555 2936 652 2998 regna
667 2913 847 2999 percellant.

643 3171 731 3235 Alia.

159 3343 366 3430 Omnipotens
400 3343 587 3429 sempiterne
620 3344 716 3421 Deus,
747 3345 803 3428 qui
840 3343 944 3431 regnis
974 3342 1120 3407 omnibus
1154 3352 1271 3403 aeterno

114 3446 283 3511 dominaris
297 3446 439 3531 imperio,
449 3446 566 3510 inclina
580 3446 620 3509 ad
634 3469 739 3531 preces
749 3446 938 3510 humilitatis
953 3468 1041 3510 aures
1053 3439 1271 3506 misericordiae

112 3561 184 3627 tuae,
201 3564 233 3612 et
249 3548 383 3612 Romani
397 3547 527 3634 (nostri)
544 3549 634 3635 regni
652 3548 757 3612 adesto
779 3547 984 3635 principibus,
1001 3559 1034 3611 et
1048 3558 1103 3608 tua
1117 3541 1270 3627 tranquil·

112 3653 200 3716 litate
215 3651 382 3715 clementes
396 3662 451 3715 tua
466 3674 586 3736 semper
601 3651 663 3715 sint
677 3651 796 3715 virtute
811 3651 952 3715 victores.

643 3888 732 3952 Alta.

156 4066 241 4129 Deus
270 4063 304 4125 in
334 4075 366 4126 te
392 4062 583 4147 sperantium
609 4061 700 4138 salus,
727 4073 760 4124 et
788 4061 849 4127 tibi
875 4060 1078 4126 servientium
1104 4053 1268 4135 fortitudo,

112 4169 230 4255 suscipe
239 4165 391 4253 propitius
402 4189 508 4251 preces
523 4177 640 4229 nostras
656 4178 687 4230 et
698 4163 833 4231 Romani
843 4163 967 4249 imperii
976 4161 1106 4249 (nostri)
1115 4157 1270 4225 auxiliare

112 4271 275 4348 militibus,
291 4283 338 4348 ut,
357 4282 411 4333 tua
431 4269 624 4357 protectione
649 4267 777 4348 muniti,
794 4268 939 4335 omnibus
963 4268 1027 4331 sint
1049 4265 1192 4330 hostibus
1207 4260 1270 4328 for·

112 4373 214 4437 tiores.
261 4374 327 4437 Per.

661 4479 722 4538 112
