2866 4934
129 348 172 409 60
467 364 969 418 rorrrrrcnnnncosnrsnrr.

174 518 298 605 Quique
327 523 520 587 centurionis
544 545 668 587 servum
691 544 756 585 non
782 538 988 609 aspernatus
1014 541 1071 595 est
1099 531 1241 611 visitare,
1261 532 1313 619 ipse

129 622 270 687 cordium
297 638 472 690 vostrorum
497 626 669 714 hospitium
694 624 850 711 dignetur
881 629 1163 701 misericorditer
1188 636 1310 701 introire.

131 726 246 789 Amen.

176 828 289 915 Sisque
304 852 359 894 ros
376 832 537 897 fidelitatis
556 856 618 897 suaa
632 829 831 919 plenitudine
843 832 1026 918 informet,
1051 852 1095 906 ut
1110 866 1189 908 cum
1212 842 1309 908 sanctis

129 932 193 995 suis
204 932 237 995 in
252 933 403 999 erulorum
421 960 519 1021 regnu
534 937 716 1003 accumbere
730 934 897 1001 concedat.
948 940 1086 1007 Arnen.

175 1036 267 1117 Quod
283 1038 358 1124 ipse.
405 1042 520 1105 Arnen.
566 1037 757 1105 Benedictio.

587 1212 754 1277 Dominica
775 1210 821 1297 iij.

175 1348 431 1435 Temptationum
448 1350 590 1413 omnium
606 1374 625 1414 a
639 1349 728 1414 vobis
743 1346 903 1413 Dominus
918 1352 1079 1437 pericula
1095 1374 1267 1441 removeat,
1279 1372 1303 1426 et

129 1451 400 1538 perturbationum
417 1453 566 1540 proeellas
581 1453 743 1517 miseratus
757 1450 918 1516 excludat.
969 1458 1105 1525 Amen.

174 1554 202 1617 Τ
203 1555 383 1639 emptatoris
399 1556 521 1622 fraudes
536 1569 629 1643 atque
643 1554 807 1620 molimina
821 1553 994 1639 dissolvat,
1013 1575 1051 1628 et
1080 1588 1144 1632 vos
1170 1568 1302 1633 adversus

130 1680 203 1721 cum
219 1670 325 1719 cautus
340 1671 433 1745 atque
449 1660 646 1724 invincibiles
661 1658 762 1723 faciut.
807 1656 927 1722 Amen.

175 1758 332 1823 Continuo
347 1761 432 1847 pacis
447 1763 535 1827 vobis
551 1785 680 1826 munera
694 1761 821 1839 tribuat,
833 1772 867 1825 et
880 1785 941 1827 vos
956 1764 995 1829 in
1011 1782 1120 1855 portu
1136 1774 1300 1863 tranquilli·
1372 1774 1377 1783 ’

131 1863 205 1927 tatis
216 1887 252 1927 ac
267 1864 440 1929 securitatis
454 1866 641 1952 propitiatus
656 1864 832 1929 constituat.

176 1966 268 2045 Quod
284 1966 358 2052 ipse.
406 1968 522 2032 Amen.
568 1967 762 2033 Benedictio.

586 2141 753 2205 Dominico
768 2140 825 2226 iiij.

173 2272 269 2351 Deus,
285 2270 340 2358 qui
355 2272 509 2338 bonorum
525 2298 631 2339 semen
654 2275 688 2338 in
703 2296 758 2338 sua
768 2271 904 2337 aecclesia
927 2296 1037 2343 serere
1064 2289 1249 2368 consuevit,
1269 2290 1297 2352 in

129 2377 217 2441 vobis
229 2376 309 2440 illud
321 2400 501 2441 conservare
511 2390 604 2464 atquc
615 2376 823 2464 multiplicare
834 2400 1013 2463 numquam
1024 2384 1176 2456 desistat.
1190 2393 1296 2457 Amen.

174 2480 381 2565 Zyzaniorum
397 2504 490 2568 super
505 2481 725 2546 seminatorem
740 2504 758 2544 a
774 2480 861 2544 vobis
881 2483 994 2565 procul
1023 2492 1184 2575 repellat,
1209 2508 1241 2561 et
1253 2495 1295 2560 sui

131 2583 221 2649 verbi
236 2584 351 2670 pabulo
367 2608 422 2647 vos
438 2584 649 2648 indesinenter
663 2583 791 2648 reficiat.
837 2581 954 2646 Amen.

176 2685 248 2765 Qui,
265 2709 337 2750 cum
353 2685 419 2749 dies
426 2685 541 2770 judicii
557 2686 730 2763 advenerit,
743 2708 761 2748 a
776 2684 913 2771 reprobis
928 2692 1083 2772 separati,
1094 2696 1140 2761 ad
1156 2699 1294 2765 dextram

124 2788 242 2871 judicis
268 2789 431 2867 sistamini,
462 2802 494 2853 et
523 2789 557 2851 in
591 2788 768 2853 beatissime
805 2788 902 2875 ipsius
937 2813 1041 2877 regno
1083 2800 1293 2869 collocemini.

131 2890 246 2955 Arnen.

175 2993 265 3073 Quod
280 2995 355 3082 ipse.
400 2994 516 3059 Amen.
561 2994 754 3058 Benedictio.

545 3167 713 3232 Domiaico
727 3169 761 3231 ia
776 3178 859 3230 LXX.

174 3298 267 3376 Deus,
284 3300 339 3385 qui
354 3325 438 3367 mare
461 3305 523 3367 suis
538 3306 670 3389 pedibus
685 3304 760 3368 fecit
774 3327 838 3368 esse
853 3303 1010 3382 calcabile,
1027 3308 1124 3376 vobis
1139 3315 1292 3403 quioquid

128 3415 173 3465 est
189 3402 320 3466 noxium
336 3405 401 3491 ipse
416 3406 598 3470 substernat.
644 3407 759 3470 Arnen.

173 3507 350 3572 Contrarios
365 3510 590 3573 inmundorum
606 3510 771 3595 spirituum
792 3520 895 3572 motus
919 3524 1110 3596 compescat,
1136 3530 1172 3582 et
1187 3544 1246 3587 vos
1259 3522 1291 3586 in

128 3629 182 3673 sua
197 3636 272 3698 paee
287 3612 461 3677 confirmet.

172 3714 280 3778 Crucis
298 3738 359 3777 suae
379 3716 485 3778 navim
508 3715 591 3777 inter
610 3716 722 3779 mundi
743 3715 891 3780 fluctibus
909 3716 1077 3802 gubernet,
1093 3735 1129 3787 et
1153 3725 1191 3791 in
1217 3728 1293 3793 litus

127 3810 224 3879 beatae
238 3817 441 3902 perennitatis
455 3817 614 3902 perducat.
660 3816 776 3881 Amen.

173 3917 264 3995 Quod
278 3919 353 4003 ipse.
399 3919 515 3983 Amen.
561 3919 755 3982 Benedictio.

539 4088 707 4151 Dominioo
722 4090 755 4152 ia
771 4104 827 4153 LX.

174 4213 376 4302 Omnipotens
392 4220 477 4284 Deus
503 4221 638 4284 stadium
654 4224 750 4283 vostri
772 4248 878 4289 cursus
902 4226 1038 4314 dirigere
1059 4232 1228 4322 dignetur,
1253 4256 1291 4308 ut

127 4305 269 4377 bravium
284 4341 339 4380 vos
352 4332 472 4383 aeternae
484 4323 555 4385 vitae
570 4320 830 4404 comprehendere
845 4327 948 4392 faciat.
994 4332 1112 4400 Amen.
