2866 4934
445 398 691 447 PONTIFICALE
706 396 935 444 sconsum.

604 669 650 753 iij.
666 666 770 730 Fen'a.

154 798 250 874 Deus,
263 797 317 882 qui
333 822 388 862 vos
402 800 481 863 lavit
496 800 584 886 aquis
599 801 647 865 sui
662 801 777 879 lateris,
789 810 822 863 et
830 798 978 864 redemit
988 800 1166 867 effirsione
1176 800 1294 875 cruoris,

110 900 176 988 ipse
192 900 226 963 in
241 901 330 965 vobis
346 902 509 966 confirmet
524 904 658 989 gratiam
674 904 792 991 adeptae
807 901 1068 989 redemptionis.
1123 907 1245 970 Amen.

158 1006 217 1068 Per
240 1029 333 1091 quem
358 1007 458 1071 renati
484 1008 557 1070 estis
583 1031 624 1070 cx
648 1032 728 1095 aqua
757 1020 788 1070 et
815 1004 941 1092 Spiritu
975 1006 1125 1088 Sancto,
1155 1010 1225 1097 ipse
1247 1029 1295 1071 vos

111 1109 226 1172 coelesti
244 1110 400 1175 consociet
415 1134 521 1197 regno.
568 1111 684 1173 Amen.

158 1213 281 1301 Quique
302 1214 389 1279 dedit
411 1215 500 1279 nobis
521 1214 612 1277 initia
627 1226 739 1279 sanctae
754 1212 839 1290 fidei,
855 1212 925 1298 ipse
941 1214 1107 1279 conferat
1129 1230 1166 1281 et
1186 1215 1295 1305 perfec·

111 1315 230 1382 tionem
246 1319 357 1405 operis,
374 1335 405 1383 et
420 1318 652 1406 plenitudinem
669 1316 815 1382 caritatis.
861 1315 986 1379 Amen.

159 1421 249 1502 Quod
264 1423 339 1507 ipse.
385 1423 500 1485 Amen.
546 1421 740 1485 Benedictio,
785 1420 900 1484 Amen.

160 1770 325 1851 Dominus,
343 1771 428 1836 Deus
442 1786 557 1851 noster,
574 1796 630 1837 vos
643 1773 794 1861 perducat
808 1770 848 1835 ad
863 1770 1015 1835 arborem
1032 1774 1130 1855 vitae,
1148 1777 1209 1863 qui
1223 1774 1295 1842 emit

115 1873 154 1939 de
169 1875 240 1940 lacu
254 1876 393 1940 miseriae.
439 1877 555 1940 Amen.

161 1978 231 2064 Ipse
246 1979 335 2044 vobis
351 1979 470 2066 operiet
480 1980 611 2063 januam
627 1977 773 2065 paradisi,
789 1975 844 2063 qui
855 1975 1019 2064 confregit
1030 1994 1152 2069 portas
1167 1982 1292 2048 inferni.

118 2080 233 2144 Amen.

161 2186 231 2274 lpse
246 2209 301 2251 vos
322 2200 409 2251 cruat
431 2211 449 2250 a
473 2186 616 2273 flagellis,
644 2198 676 2249 et
696 2186 730 2247 in
745 2205 877 2270 regnum
902 2204 999 2245 suurn
1027 2187 1199 2271 perducat
1223 2212 1291 2254 oon-

116 2289 258 2371 fidentes,
274 2292 329 2378 qui
343 2291 409 2378 pati
425 2291 573 2376 dignatus
587 2301 633 2352 est
647 2313 704 2374 pro
719 2286 824 2374 impiis
838 2285 1000 2349 innocens.
1026 2288 1184 2357 'Anum

163 2395 255 2474 Quod
271 2395 344 2479 ipse.
390 2395 505 2456 Arnen.
552 2392 745 2455 Benedictio.
791 2390 905 2453 Amen.

620 2613 647 2651 v.
663 2589 768 2652 Ferae.

165 2725 397 2812 Omnipotentis
413 2725 473 2789 Dei
485 2737 517 2788 et
533 2724 663 2787 Domini
678 2725 775 2788 nostri
791 2721 1072 2790 benedictionibus
1083 2731 1286 2817 repleamini,

119 2830 208 2914 cujus
223 2831 295 2893 estis
310 2830 462 2916 sanguine
476 2828 611 2914 pretioso
626 2828 790 2913 redempti.
836 2828 951 2890 Amen.

165 2933 266 3019 Ipsius
282 2956 336 2996 vos
350 2932 532 2997 indeficiens
546 2931 664 3018 repleat
679 2932 792 3018 gratia,
809 2931 897 3013 cujus
918 2924 1097 2997 ineffabilis
1117 2938 1288 3023 plasmavit

121 3035 270 3121 potentia.
316 3035 431 3098 Amen.

167 3138 210 3199 Et
225 3137 279 3220 qui
294 3137 383 3200 vobis
393 3139 427 3199 in
443 3137 503 3200 hoc
518 3138 636 3202 mundo
651 3137 787 3223 prestitit
802 3137 1017 3201 conditionem
1032 3145 1208 3224 nascendi,
1225 3147 1287 3234 ipse

123 3238 158 3302 in
173 3262 272 3324 regno
287 3250 401 3303 aetcmo
416 3240 535 3304 tribuat
549 3240 743 3303 mansionem
758 3241 825 3305 sine
839 3239 901 3304 fine
917 3239 1061 3304 vivendi.

169 3342 260 3423 Quod
275 3342 348 3428 ipse.
395 3344 510 3407 Amen.
556 3343 749 3407 Benedictio.
794 3344 910 3407 Amen.

620 3567 660 3649 vj.
675 3564 779 3626 Faria.

166 3735 338 3802 Benedicat
353 3759 408 3799 vos
425 3737 510 3799 Deus
525 3734 564 3797 de
580 3732 664 3796 coelis
682 3732 900 3818 Omnipotens
926 3732 991 3818 qui,
1016 3757 1076 3818 per
1096 3762 1232 3810 crucem
1258 3759 1289 3812 et

124 3841 308 3928 sanguinem
324 3839 475 3925 passionis
490 3861 562 3914 suae,
579 3859 635 3898 vos
651 3835 800 3922 dignatus
815 3848 862 3900 est
877 3835 1030 3900 redimere
1046 3837 1084 3902 in
1099 3847 1209 3912 ten-is,

168 3945 238 4031 Ipse
253 3966 309 4006 vos
323 3955 453 4006 renovet
467 3965 489 4007 a,
500 3951 655 4004 vetustate
670 3938 799 4022 peccati.
845 3938 960 4002 Amen.

170 4047 232 4124 Qui
246 4069 303 4132 pro
319 4045 408 4107 nobis
422 4043 521 4106 infera
536 4040 721 4126 penetravit.

168 4147 278 4211 Vitam
309 4170 395 4211 suam
423 4145 580 4208 Dominus
609 4142 727 4205 tribuat
756 4142 856 4221 vobis,
887 4143 943 4228 qui
979 4158 1118 4214 mortem
1147 4170 1289 4224 vestram

126 4250 258 4331 suscepit
273 4261 304 4311 et
319 4246 464 4333 perdidit.

172 4345 263 4423 Quod
277 4350 351 4433 ipse.
398 4349 512 4411 Amen.
558 4343 750 4411 Benedictio.
797 4347 912 4410 Amen.
