2866 4934
130 412 172 469 36
467 426 708 474 venundetur
723 423 949 472 ECGBBRHTI.

130 602 209 655 mus,
234 602 289 665 pcr
313 578 541 646 invocationem
558 581 693 647 nominis
714 580 772 659 tui,
793 592 830 643 ut
849 579 1072 669 quicumque
1096 606 1158 649 eos
1179 604 1266 669 super
1280 600 1305 642 ⁸0

128 696 324 769 asperserunt
345 705 401 768 pro
424 685 638 773 redemptione
661 696 867 772 peccatorum,
896 687 1059 771 corporis
1088 688 1257 753 sanitatem
1277 694 1301 746 el

128 785 240 849 anirnae
255 785 385 849 tutelam
400 787 583 874 percipiant.
629 790 698 853 Per.

173 890 249 953 Post
270 889 324 953 boc
350 893 491 955 nabetur
512 893 562 956 sal
582 906 611 957 et
632 894 718 969 cinti,
733 893 851 979 faciens
865 912 997 956 mrem
1025 906 1079 959 ter
1098 917 1200 982 super
1212 895 1296 980 epm

130 1016 254 1079 aquam,
270 1005 299 1058 ct
313 995 395 1057 dicat
409 994 487 1057 tanc
502 998 678 1061 orationem.

174 1096 269 1175 Deus,
295 1096 413 1161 invicte
439 1098 565 1162 virtutis
585 1114 703 1178 auctor,
729 1112 761 1162 ct
782 1096 1004 1182 inseparabilis
1027 1099 1168 1187 imperii
1189 1118 1292 1175 rensc

129 1222 250 1285 semper
273 1198 459 1287 magnificus
482 1202 702 1290 triumphator,
723 1201 777 1288 qui
799 1198 937 1263 adversa
962 1200 1209 1268 dominationis
1225 1202 1290 1265 virs

130 1303 282 1390 reprimis,
313 1304 368 1390 qui
394 1304 515 1368 inimici
544 1306 698 1393 rugientis
727 1304 866 1369 sevitiam
895 1325 1044 1389 superas,
1086 1307 1148 1392 qni
1179 1304 1289 1370 hostiles

129 1407 284 1493 nequitias
309 1421 419 1493 potens
433 1430 612 1495 expugnas:
636 1422 679 1486 tc,
707 1406 853 1483 Domine,
874 1417 1056 1472 trementes
1086 1422 1124 1474 et
1148 1408 1288 1497 supplices

129 1508 343 1596 deprecamur,
352 1534 389 1575 ac
403 1511 549 1596 petimus,
562 1526 598 1575 ut
608 1512 870 1576 bancoresturam
879 1508 952 1573 salis
967 1522 1002 1574 et
1018 1535 1116 1599 aquae
1131 1515 1287 1599 dignanter

130 1613 272 1699 accipias,
304 1614 459 1700 benignus
489 1615 643 1693 inlustres,
674 1614 798 1703 pietatis
826 1627 887 1677 tua
915 1636 1007 1678 more
1040 1616 1231 1697 sanctifices,
1256 1630 1287 1681 ut

131 1715 320 1802 ubicumque
346 1716 440 1781 fucrit
463 1741 584 1805 aspersa
608 1742 663 1804 per
684 1717 912 1781 invocationem
939 1719 1046 1782 sancti
1074 1721 1128 1784 tui
1150 1722 1285 1800 nominis,

130 1818 231 1884 omnis
256 1820 413 1886 infestatio
437 1821 584 1885 inmundi
614 1821 739 1909 spiritus
762 1819 923 1897 abiciatur,
950 1832 1125 1910 terrorque
1149 1826 1286 1891 venenosi

129 1925 280 2010 serpentis
294 1925 402 2011 procul
414 1924 560 2011 pellatur,
575 1939 607 1989 et
622 1923 776 2011 presentia
790 1922 895 1987 Sancti
910 1922 1051 2010 Spiritus
1067 1929 1165 1993 nobis
1179 1929 1285 1995 miseri·

130 2028 267 2091 cordiam
284 2041 370 2091 tuam
386 2030 583 2113 poscentibus
598 2030 714 2115 ubique
729 2026 833 2091 adesse
848 2025 1009 2112 dignetur.
1059 2030 1134 2095 Per.

173 2130 296 2194 Deinde
311 2133 473 2195 misceatur
488 2134 595 2195 vinam
610 2156 679 2195 cum
694 2154 786 2217 oque,
803 2141 831 2193 et
845 2131 928 2193 diem
941 2128 1024 2195 dano
1039 2136 1225 2201 orationes.

174 2233 260 2297 Deus
289 2248 408 2299 creator
437 2249 469 2298 ct
499 2248 697 2299 conservator
733 2232 864 2296 humani
892 2232 1030 2318 generis,
1063 2236 1161 2303 dator
1188 2239 1287 2328 gratis

129 2338 286 2425 spiritalis,
317 2340 447 2427 largitor
476 2352 590 2403 aeternc
613 2338 734 2403 salutis:
760 2350 806 2413 tu,
835 2334 982 2412 Domine,
1008 2338 1108 2405 mitte
1140 2342 1285 2430 Spiritum

133 2442 281 2505 Sanctum
298 2455 388 2505 tuum
405 2465 497 2527 super
512 2441 622 2505 vinum
646 2440 706 2503 hoc
720 2462 793 2503 eum
817 2462 896 2525 aqua
911 2437 1067 2523 mixtum,
1084 2458 1124 2509 ut
1139 2458 1287 2511 armatum

130 2543 247 2609 virtute
263 2544 393 2607 celestis
408 2543 596 2608 defensionis
620 2542 660 2606 ad
675 2541 936 2607 consecrationem
951 2539 1053 2625 hujus
1076 2549 1225 2615 aecclesioe
1242 2549 1288 2615 vel

129 2647 234 2713 altaris
249 2648 400 2735 proficiat.
438 2648 506 2712 Per.
536 2646 866 2732 (velomniumrerum
881 2667 941 2731 que
955 2668 1145 2718 consecrare
1160 2654 1314 2739 voluerit⁴

130 2752 256 2816 devotio
271 2751 411 2816 fidelium
427 2749 579 2839 proficiet.
625 2749 710 2835 Per.)

172 2856 253 2918 Inde
275 2878 344 2920 cero
364 2857 484 2943 sociem
523 2876 639 2917 errorem
675 2876 743 2916 eum
769 2854 864 2938 dipito
893 2874 947 2917 sao
980 2854 1019 2917 de
1053 2859 1130 2944 ipssa
1163 2884 1289 2948 aquea

130 2960 255 3023 dextera
268 2971 371 3045 parte,
398 2959 546 3044 incipiens
562 2980 623 3043 per
652 2958 725 3043 iiijff
745 2978 861 3019 cornua
879 2954 999 3032 altaris,
1024 2957 1103 3023 inde
1124 2984 1290 3049 asparpem

131 3060 230 3125 altore
244 3084 312 3125 cem
325 3085 430 3148 ysopo,
447 3060 609 3124 ambulans
634 3061 669 3125 io
694 3060 823 3123 circuite
850 3061 893 3145 cij
916 3056 1030 3121 vicibus
1053 3061 1093 3125 de
1108 3064 1183 3149 ipsa
1197 3088 1287 3151 aqua,

132 3166 265 3229 currendo
281 3166 463 3252 antifonam.

175 3266 252 3330 Ant.
270 3268 428 3354 Aspargcs
443 3288 504 3343 me,
522 3264 669 3345 Domine,
685 3290 792 3353 ysopo,
809 3277 841 3330 et
855 3262 1046 3328 mundabor:
1060 3266 1186 3335 lavabis
1198 3294 1249 3335 me
1259 3282 1290 3335 et

131 3388 223 3453 super
248 3370 354 3435 nivem
382 3368 556 3433 dealbabor.
606 3370 684 3433 Cum
710 3368 837 3432 Psalmo
861 3368 924 3431 ΙΝ
949 3366 1102 3435 Miserere
1117 3374 1185 3439 mei
1206 3374 1289 3440 Deus

131 3469 303 3535 secundum
319 3494 477 3557 magnam.

404 3643 648 3709 Beoediotrboem
670 3644 748 3708 hanc
769 3666 863 3730 super
885 3643 991 3707 altare.

180 3774 316 3841 Domine
345 3778 467 3855 Sancto,
497 3780 588 3845 Pater
614 3781 758 3858 clemens,
783 3781 872 3865 cujus
895 3801 953 3841 nee
982 3776 1113 3845 initium
1137 3806 1200 3849 nec
1219 3783 1290 3849 finis

134 3876 318 3954 advertitur,
343 3879 398 3963 qui
422 3892 527 3945 tantus
554 3906 585 3949 es
609 3895 743 3969 quantus
767 3905 830 3946 esse
854 3879 991 3958 voluisti,
1015 3880 1140 3950 scilieet
1165 3900 1291 3955 sanctus

134 3991 226 4063 atquc
238 3976 389 4043 mirabilis
400 3981 495 4059 Deus,
506 4008 598 4069 quern
614 3986 768 4050 elementa
782 4008 846 4049 non
856 3984 998 4070 capiunt:
1014 3996 1046 4047 te
1057 3984 1289 4067 benedicimus,

135 4090 166 4140 te
185 4078 339 4164 supplices
354 4080 564 4166 deprecamur,
581 4101 618 4151 ut
635 4087 676 4151 sit
701 4087 760 4151 tibi
786 4087 881 4153 altare
904 4086 975 4163 hoc,
992 4085 1073 4151 sicut
1099 4089 1186 4159 illud
1206 4094 1291 4181 quod

139 4176 220 4239 Abel
250 4179 391 4243 salutaris
421 4187 561 4267 mysterii
590 4201 818 4253 sacramentum
849 4190 883 4253 in
912 4186 1054 4273 passione
1104 4215 1289 4278 praecursor,

133 4272 296 4355 jugulatus
322 4302 340 4339 a
366 4279 468 4359 fratrc,
493 4306 575 4353 novo
594 4290 746 4375 sanguine
771 4291 887 4355 imbuit
910 4303 942 4354 et
962 4291 1105 4357 sacravit.
1158 4297 1209 4364 Sit
1230 4299 1294 4386 (vel

139 4369 217 4447 sint)
231 4372 300 4447 tibi,
318 4376 462 4457 Domine,
479 4385 573 4451 altare
599 4390 659 4453 hoc
685 4390 748 4477 (vel
762 4391 869 4456 altaria
883 4391 964 4476 lraec)
989 4390 1071 4457 sicut
1096 4395 1183 4467 illud
1207 4403 1293 4489 quod
