2866 4934
185 387 243 446 128
521 398 767 449 rourrrrcaan
783 401 1000 447 accensuri.

180 570 235 618 tua
259 555 387 618 civitate
412 556 481 632 ista,
498 569 530 619 et
550 557 589 619 de
604 556 698 619 domo
714 569 819 619 sancta
834 569 899 634 tua,
916 569 948 618 et
971 557 1010 619 dc
1034 555 1109 617 locis
1133 554 1279 617 omnibus
1303 553 1336 615 in

180 658 293 744 quibus
317 659 484 721 necessaria
510 660 632 723 utentia
656 672 782 722 tuorum
813 659 876 722 sint
900 658 1041 722 fidelium
1066 657 1257 720 famulorum
1283 669 1337 719 aut

180 759 384 824 famularum:
415 761 536 847 depelle
560 762 694 839 morbos,
721 762 807 824 aufer
828 764 961 841 vinctos,
986 762 1111 826 absolve
1130 761 1231 838 elisos,
1253 761 1337 846 erige

175 863 286 948 justos,
309 864 410 952 dirige
430 877 617 952 peccatores,
634 877 781 928 converte
804 865 903 943 vivos,
920 867 1093 928 laborantes
1115 863 1231 941 releva,
1253 864 1337 926 etin

180 966 308 1031 brachio
333 980 464 1033 extento
481 967 641 1033 circumda
663 967 824 1031 civitatem
844 968 945 1045 istam,
963 982 994 1031 et
1016 982 1070 1031 tua
1091 968 1170 1029 mira
1195 968 1337 1050 majestas

179 1069 336 1133 auxilium
351 1070 470 1135 tribuat
483 1071 575 1137 nobis
590 1070 736 1134 omnibus
751 1070 965 1134 habitantibus
980 1071 1013 1133 in
1029 1094 1073 1133 ea.
1121 1070 1188 1133 Per.

389 1246 448 1308 An
464 1262 606 1309 pannas
622 1261 902 1308 cennomannis
917 1262 988 1307 van
1006 1260 1133 1307 aaaron

226 1381 362 1445 Domine
385 1382 463 1446 Jesu
484 1380 617 1458 Christe,
639 1380 694 1465 qui
717 1392 789 1442 ante
812 1380 924 1442 mundi
947 1379 1139 1465 principium
1160 1380 1285 1458 venisti,
1308 1392 1339 1443 et

182 1483 272 1568 regni
287 1483 335 1546 tui
349 1506 414 1547 non
429 1484 489 1548 erit
504 1482 586 1560 finis,
603 1482 658 1566 qui
681 1504 738 1566 pro
759 1481 871 1543 mundi
886 1481 984 1544 salute
999 1481 1032 1543 in
1047 1481 1245 1566 plenitudine
1260 1494 1339 1545 tem-

182 1607 294 1670 porum
310 1584 450 1661 veniens,
466 1584 546 1647 sicut
561 1607 616 1669 per
631 1584 733 1670 legem
758 1594 789 1646 et
811 1582 980 1669 prophetas
994 1606 1060 1646 eras
1074 1583 1290 1668 promissurus,
1307 1598 1340 1648 et

182 1687 328 1750 veniente
352 1699 384 1750 te
408 1687 441 1749 in
467 1687 664 1751 Hierusalem
685 1687 724 1750 ad
748 1687 831 1750 diem
852 1687 977 1764 festum,
994 1688 1092 1750 turbae
1112 1687 1219 1750 multae
1234 1711 1340 1752 occur-

182 1803 291 1854 rerunt
319 1789 391 1868 tibi,
422 1803 669 1877 acceperuntque
706 1812 807 1852 ramos
842 1790 1028 1876 palmarum,
1060 1789 1125 1852 haec
1154 1791 1339 1855 clamantes:

186 1893 309 1959 Osanna
324 1892 370 1956 fili
394 1893 508 1957 David.
554 1893 630 1956 Ideo
645 1906 677 1956 et
691 1915 748 1955 nos
763 1892 896 1978 supplici
919 1894 1129 1958 obsecratione
1145 1894 1342 1980 deposcimus

183 1998 376 2080 majestatem
391 2007 490 2074 tuam,
500 2008 537 2059 ut
552 1996 606 2082 qui
621 2020 677 2083 pro
692 2009 798 2060 nostra
813 1997 927 2060 venisti
942 1998 1167 2084 redemptione,
1184 1999 1269 2062 salva
1284 2022 1341 2062 nos

183 2123 201 2162 a
217 2098 351 2162 vinculis
364 2111 563 2184 peccatorum
577 2111 765 2177 nostrorum,
781 2100 905 2163 morbos
920 2123 1027 2164 omnes
1041 2102 1189 2187 expellas,
1208 2101 1342 2164 infirmi-

183 2214 263 2266 tates
282 2225 380 2281 cures,
396 2225 503 2266 aerum
526 2203 707 2290 temperiem
733 2215 860 2289 prestes,
883 2226 984 2267 ramos
1008 2216 1041 2268 et
1064 2202 1154 2267 flores
1176 2204 1257 2291 ligni
1274 2205 1342 2291 pal·

184 2328 306 2368 marum
328 2329 405 2391 quos
426 2307 560 2392 populus
590 2330 645 2393 per
675 2329 786 2370 manus
815 2306 896 2369 servi
926 2307 973 2369 tui
999 2319 1181 2392 accepturus
1210 2319 1256 2371 est
1286 2319 1342 2371 tua

184 2407 401 2472 benedictione
411 2408 579 2487 sanctifica,
589 2422 626 2472 ut
635 2409 815 2494 quicunque
825 2432 875 2473 eos
887 2422 1073 2495 acceperunt
1084 2422 1138 2473 tua
1149 2410 1184 2472 in
1195 2410 1343 2474 omnibus

185 2511 363 2597 repleantur
386 2511 497 2597 gratia,
520 2524 552 2575 et
576 2511 683 2575 salutis
705 2526 933 2598 consequantur
957 2513 1122 2591 medelam,
1139 2527 1171 2577 et
1186 2514 1266 2577 sicut
1285 2538 1341 2600 per

185 2615 278 2699 hujus
293 2615 356 2678 diei
372 2615 634 2702 sollempnitatem
650 2616 798 2693 letantur,
811 2615 855 2678 ita
870 2639 976 2679 eorum
993 2616 1164 2679 habiticula
1179 2630 1233 2680 tua
1248 2618 1342 2682 bene-

186 2718 323 2783 dictione
337 2719 470 2805 repleas:
494 2743 622 2806 corpora
646 2741 768 2805 quoque
793 2731 825 2782 et
845 2719 964 2782 animas
984 2720 1023 2783 ab
1044 2719 1131 2781 omni
1152 2720 1342 2805 cogitatione

186 2821 318 2884 mundas
333 2821 457 2899 efficias,
474 2833 566 2908 atque
590 2821 740 2907 spiritalia
762 2822 806 2886 eis
828 2822 945 2887 tribuas
967 2822 1134 2887 chrismata
1157 2823 1341 2908 gratiarum,

186 2937 223 2987 ut
246 2923 402 3010 paschalia
423 2923 509 3002 festa,
533 2937 565 2988 te
587 2924 770 3004 auxiliante,
787 2950 859 2989 cum
880 2926 968 2989 omni
983 2925 1141 2990 alacritate
1156 2926 1341 3012 aiscipiant:

187 3037 218 3089 tc
233 3037 389 3112 prestante
405 3027 542 3090 Domino
558 3041 664 3092 nostro
680 3029 758 3094 Jesu
774 3028 910 3106 Christo,
926 3029 980 3114 qui
996 3028 1085 3092 vivis.

233 3128 328 3204 Deus,
353 3127 407 3212 qui
429 3128 621 3213 temporibus
645 3130 714 3194 Noe
737 3130 848 3193 famuli
871 3131 929 3208 tui,
950 3155 1006 3218 per
1027 3130 1204 3195 columbam
1218 3154 1342 3194 ramum

188 3228 271 3291 olive
290 3227 464 3291 virentibus
483 3228 566 3292 foliis
589 3229 622 3292 in
646 3252 698 3294 ore
713 3231 914 3311 deferentem,
930 3246 1000 3320 post
1015 3233 1128 3296 diluvii
1144 3233 1341 3313 effusionem,

188 3356 260 3396 cum
283 3355 359 3419 pace
383 3330 564 3397 hominibus
585 3335 707 3399 reddita
731 3336 876 3400 nuntiare
891 3336 1029 3415 voluisti,
1046 3348 1078 3400 et
1093 3337 1148 3422 qui
1165 3336 1344 3423 Unigenito

187 3447 243 3500 tuo
255 3435 393 3499 Domino
409 3449 513 3501 nostro
524 3438 602 3503 Jesu
615 3438 738 3504 Christo
749 3439 790 3503 ad
802 3439 1020 3504 derosolimam
1035 3440 1215 3526 properanti
1230 3465 1344 3528 pueros

189 3538 362 3604 Ebreorum
378 3563 450 3604 cum
471 3539 565 3605 ramis
580 3542 753 3628 palmarum
774 3541 898 3606 obviam
915 3543 1086 3620 venientes
1102 3544 1270 3631 laudesque
1291 3546 1344 3610 de-

188 3655 357 3720 cantantes,
370 3654 402 3706 et
417 3666 493 3706 voce
509 3644 629 3708 elevata
644 3645 793 3722 dicentes,
808 3643 931 3708 Osanna
946 3644 980 3708 in
996 3645 1135 3722 excelsis,
1153 3647 1345 3712 Benedictus

189 3744 243 3829 qui
265 3744 354 3809 venit
376 3743 411 3807 in
437 3746 564 3810 nomine
588 3745 728 3824 Domini,
757 3746 828 3810 Rex
851 3746 957 3825 Israel,
985 3747 1112 3811 voluisti
1138 3748 1343 3827 benedicere;

189 3846 380 3911 sanctificare
392 3858 485 3932 atque
496 3870 673 3912 consecrare
684 3848 823 3934 digneris
834 3846 891 3911 hos
905 3848 1078 3934 palmarum
1094 3874 1196 3914 ramos
1208 3851 1344 3916 diversa-

188 3971 320 4034 rumque
347 3947 506 4013 frondium
531 3949 582 4014 vel
603 3948 728 4029 florum,
753 3964 790 4014 ut
813 3973 931 4027 omnes,
956 3950 1011 4035 qui
1030 3973 1072 4014 ex
1091 3953 1184 4017 eisin
1198 3955 1345 4021 manibus

189 4051 328 4136 accipere
352 4050 511 4115 voluerint
536 4050 595 4114 tibi
620 4051 742 4136 placere
767 4051 897 4138 possint,
929 4064 961 4115 et
984 4051 1018 4113 in
1048 4053 1099 4118 die
1125 4055 1239 4139 judicii
1270 4081 1345 4122 cum

189 4153 291 4236 palma
302 4153 441 4217 victoriae
455 4165 487 4217 et
502 4152 605 4216 fructu
617 4154 747 4236 justitiae
758 4155 798 4218 ad
808 4153 965 4238 judicium
981 4157 1143 4239 pervenire
1152 4174 1344 4241 mereantur,

190 4265 221 4315 ct
244 4255 359 4319 exinde
381 4255 514 4341 gloriam
539 4255 725 4340 accipientes
747 4255 968 4320 indefectivam
984 4267 1087 4320 tecum
1103 4260 1170 4323 sine
1191 4260 1255 4325 fine
1278 4265 1346 4328 vita

189 4365 302 4418 aeterna
317 4378 506 4441 permanere.
554 4356 622 4419 Per.
