<?xml version="1.0" encoding="UTF-8"?>
<!DOCTYPE html PUBLIC "-//W3C//DTD XHTML 1.0 Transitional//EN"
    "http://www.w3.org/TR/xhtml1/DTD/xhtml1-transitional.dtd">
<html xmlns="http://www.w3.org/1999/xhtml" xml:lang="en" lang="en">
 <head>
  <title>
</title>
<meta http-equiv="Content-Type" content="text/html;charset=utf-8" />
  <meta name='ocr-system' content='tesseract 3.04.00' />
  <meta name='ocr-capabilities' content='ocr_page ocr_carea ocr_par ocr_line ocrx_word'/>
</head>
<body>
  <div class='ocr_page' id='page_1' title='image "./pontificalegber00churgoog_0112.png"; bbox 0 0 2866 4934; ppageno 0'>
   <div class='ocr_carea' id='block_1_1' title="bbox 568 417 875 462">
    <p class='ocr_par' dir='ltr' id='par_1_1' title="bbox 568 417 875 462">
     <span class='ocr_line' id='line_1_1' title="bbox 568 417 875 462; baseline 0.003 -2"><span class='ocrx_word' id='word_1_1' title='bbox 568 417 639 461; x_wconf 81' lang='lat' dir='ltr'><em>BEN</em></span> <span class='ocrx_word' id='word_1_2' title='bbox 642 417 823 462; x_wconf 79' lang='lat' dir='ltr'>EDICTION</span> <span class='ocrx_word' id='word_1_3' title='bbox 826 417 875 461; x_wconf 72' lang='grc' dir='ltr'><em>ΕΒ.</em></span> 
     </span>
    </p>
   </div>
   <div class='ocr_carea' id='block_1_2' title="bbox 451 656 979 722">
    <p class='ocr_par' dir='ltr' id='par_1_2' title="bbox 451 656 979 722">
     <span class='ocr_line' id='line_1_2' title="bbox 451 656 979 722; baseline 0.004 -2"><span class='ocrx_word' id='word_1_4' title='bbox 451 656 632 721; x_wconf 78' lang='lat' dir='ltr'><em>Benedictio</em></span> <span class='ocrx_word' id='word_1_5' title='bbox 648 661 682 721; x_wconf 91' lang='lat' dir='ltr'><em>in</em></span> <span class='ocrx_word' id='word_1_6' title='bbox 697 670 821 722; x_wconf 78' lang='lat' dir='ltr'><em>octavos</em></span> <span class='ocrx_word' id='word_1_7' title='bbox 837 659 979 722; x_wconf 78' lang='lat' dir='ltr'><em>Domini.</em></span> 
     </span>
    </p>
   </div>
   <div class='ocr_carea' id='block_1_3' title="bbox 132 774 1301 2182">
    <p class='ocr_par' dir='ltr' id='par_1_3' title="bbox 132 774 1301 1253">
     <span class='ocr_line' id='line_1_3' title="bbox 178 774 1301 867; baseline 0.005 -29"><span class='ocrx_word' id='word_1_8' title='bbox 178 774 383 862; x_wconf 76' lang='lat' dir='ltr'>Omnipotens</span> <span class='ocrx_word' id='word_1_9' title='bbox 406 777 503 855; x_wconf 88' lang='lat' dir='ltr'><em>Deus,</em></span> <span class='ocrx_word' id='word_1_10' title='bbox 529 779 619 861; x_wconf 87' lang='lat' dir='ltr'><em>eujus</em></span> <span class='ocrx_word' id='word_1_11' title='bbox 644 777 841 863; x_wconf 88' lang='lat' dir='ltr'><em>Unigenitus</em></span> <span class='ocrx_word' id='word_1_12' title='bbox 865 778 1017 843; x_wconf 85' lang='lat' dir='ltr'><em>hodierna</em></span> <span class='ocrx_word' id='word_1_13' title='bbox 1038 780 1101 858; x_wconf 90' lang='lat' dir='ltr'><em>die,</em></span> <span class='ocrx_word' id='word_1_14' title='bbox 1127 803 1168 844; x_wconf 90' lang='lat' dir='ltr'><em>ne</em></span> <span class='ocrx_word' id='word_1_15' title='bbox 1198 781 1301 867; x_wconf 89' lang='lat' dir='ltr'><em>legem</em></span> 
     </span>
     <span class='ocr_line' id='line_1_4' title="bbox 132 878 1300 969; baseline 0.006 -29"><span class='ocrx_word' id='word_1_16' title='bbox 132 878 266 943; x_wconf 88' lang='lat' dir='ltr'><em>solveret</em></span> <span class='ocrx_word' id='word_1_17' title='bbox 290 904 383 965; x_wconf 85' lang='lat' dir='ltr'><em>quam</em></span> <span class='ocrx_word' id='word_1_18' title='bbox 414 881 587 966; x_wconf 84' lang='lat' dir='ltr'><em>adimplere</em></span> <span class='ocrx_word' id='word_1_19' title='bbox 614 893 754 958; x_wconf 84' lang='lat' dir='ltr'><em>venerat,</em></span> <span class='ocrx_word' id='word_1_20' title='bbox 785 882 976 966; x_wconf 80' lang='lat' dir='ltr'>corporalem</span> <span class='ocrx_word' id='word_1_21' title='bbox 1004 883 1141 969; x_wconf 78' lang='lat' dir='ltr'><em>suscepit</em></span> <span class='ocrx_word' id='word_1_22' title='bbox 1168 885 1300 947; x_wconf 90' lang='lat' dir='ltr'><em>circum·</em></span> 
     </span>
     <span class='ocr_line' id='line_1_5' title="bbox 133 981 1300 1069; baseline 0.007 -27"><span class='ocrx_word' id='word_1_23' title='bbox 133 981 293 1061; x_wconf 89' lang='lat' dir='ltr'><em>cisionem,</em></span> <span class='ocrx_word' id='word_1_24' title='bbox 324 984 457 1069; x_wconf 82' lang='lat' dir='ltr'><em>spiritali</em></span> <span class='ocrx_word' id='word_1_25' title='bbox 487 984 726 1047; x_wconf 81' lang='lat' dir='ltr'><em>circumcisione</em></span> <span class='ocrx_word' id='word_1_26' title='bbox 763 997 886 1047; x_wconf 90' lang='lat' dir='ltr'><em>mentes</em></span> <span class='ocrx_word' id='word_1_27' title='bbox 923 997 1040 1048; x_wconf 83' lang='lat' dir='ltr'><em>vestras</em></span> <span class='ocrx_word' id='word_1_28' title='bbox 1077 987 1116 1050; x_wconf 86' lang='lat' dir='ltr'><em>ab</em></span> <span class='ocrx_word' id='word_1_29' title='bbox 1154 988 1300 1050; x_wconf 88' lang='lat' dir='ltr'><em>omnibus</em></span> 
     </span>
     <span class='ocr_line' id='line_1_6' title="bbox 133 1084 1297 1174; baseline 0.005 -27"><span class='ocrx_word' id='word_1_30' title='bbox 133 1084 284 1149; x_wconf 87' lang='lat' dir='ltr'><em>vitiorum</em></span> <span class='ocrx_word' id='word_1_31' title='bbox 313 1087 482 1150; x_wconf 76' lang='lat' dir='ltr'><em>incentivis</em></span> <span class='ocrx_word' id='word_1_32' title='bbox 513 1100 680 1174; x_wconf 82' lang='lat' dir='ltr'>expurget,</span> <span class='ocrx_word' id='word_1_33' title='bbox 713 1101 745 1150; x_wconf 89' lang='lat' dir='ltr'><em>et</em></span> <span class='ocrx_word' id='word_1_34' title='bbox 777 1111 864 1150; x_wconf 86' lang='lat' dir='ltr'><em>suam</em></span> <span class='ocrx_word' id='word_1_35' title='bbox 894 1088 929 1150; x_wconf 93' lang='lat' dir='ltr'><em>in</em></span> <span class='ocrx_word' id='word_1_36' title='bbox 960 1113 1015 1152; x_wconf 87' lang='lat' dir='ltr'><em>vos</em></span> <span class='ocrx_word' id='word_1_37' title='bbox 1045 1090 1297 1155; x_wconf 85' lang='lat' dir='ltr'><em>benedictionem</em></span> 
     </span>
     <span class='ocr_line' id='line_1_7' title="bbox 133 1188 452 1253; baseline 0.009 -5"><span class='ocrx_word' id='word_1_38' title='bbox 133 1188 289 1252; x_wconf 89' lang='lat' dir='ltr'><em>infundat.</em></span> <span class='ocrx_word' id='word_1_39' title='bbox 335 1190 452 1253; x_wconf 87' lang='lat' dir='ltr'><em>Amen.</em></span> 
     </span>
    </p>

    <p class='ocr_par' dir='ltr' id='par_1_4' title="bbox 134 1292 1298 1584">
     <span class='ocr_line' id='line_1_8' title="bbox 178 1292 1297 1379; baseline 0.004 -25"><span class='ocrx_word' id='word_1_40' title='bbox 178 1292 221 1355; x_wconf 86' lang='lat' dir='ltr'><em>Et</em></span> <span class='ocrx_word' id='word_1_41' title='bbox 236 1293 290 1378; x_wconf 88' lang='lat' dir='ltr'><em>qui</em></span> <span class='ocrx_word' id='word_1_42' title='bbox 310 1293 413 1379; x_wconf 89' lang='lat' dir='ltr'><em>legem</em></span> <span class='ocrx_word' id='word_1_43' title='bbox 435 1317 491 1379; x_wconf 92' lang='lat' dir='ltr'><em>per</em></span> <span class='ocrx_word' id='word_1_44' title='bbox 512 1294 644 1378; x_wconf 89' lang='lat' dir='ltr'><em>Moysen</em></span> <span class='ocrx_word' id='word_1_45' title='bbox 669 1293 768 1370; x_wconf 83' lang='lat' dir='ltr'><em>dedit,</em></span> <span class='ocrx_word' id='word_1_46' title='bbox 786 1305 822 1355; x_wconf 90' lang='lat' dir='ltr'><em>ut</em></span> <span class='ocrx_word' id='word_1_47' title='bbox 846 1318 901 1379; x_wconf 90' lang='lat' dir='ltr'><em>per</em></span> <span class='ocrx_word' id='word_1_48' title='bbox 924 1295 1129 1358; x_wconf 82' lang='lat' dir='ltr'><em>mediatorem</em></span> <span class='ocrx_word' id='word_1_49' title='bbox 1156 1308 1297 1359; x_wconf 87' lang='lat' dir='ltr'><em>nostrum</em></span> 
     </span>
     <span class='ocr_line' id='line_1_9' title="bbox 134 1395 1298 1476; baseline 0.003 -18"><span class='ocrx_word' id='word_1_50' title='bbox 134 1396 383 1459; x_wconf 86' lang='lat' dir='ltr'><em>benedictionem</em></span> <span class='ocrx_word' id='word_1_51' title='bbox 404 1397 501 1474; x_wconf 82' lang='lat' dir='ltr'><em>daret,</em></span> <span class='ocrx_word' id='word_1_52' title='bbox 520 1408 615 1460; x_wconf 84' lang='lat' dir='ltr'><em>exuat</em></span> <span class='ocrx_word' id='word_1_53' title='bbox 630 1420 685 1459; x_wconf 85' lang='lat' dir='ltr'><em>vos</em></span> <span class='ocrx_word' id='word_1_54' title='bbox 708 1395 950 1460; x_wconf 82' lang='lat' dir='ltr'><em>mortificatione</em></span> <span class='ocrx_word' id='word_1_55' title='bbox 968 1398 1131 1476; x_wconf 88' lang='lat' dir='ltr'><em>vitiorum,</em></span> <span class='ocrx_word' id='word_1_56' title='bbox 1148 1411 1180 1461; x_wconf 89' lang='lat' dir='ltr'><em>et</em></span> <span class='ocrx_word' id='word_1_57' title='bbox 1204 1399 1298 1463; x_wconf 83' lang='lat' dir='ltr'><em>faciat</em></span> 
     </span>
     <span class='ocr_line' id='line_1_10' title="bbox 134 1500 717 1584; baseline 0 -23"><span class='ocrx_word' id='word_1_58' title='bbox 134 1523 329 1584; x_wconf 88' lang='lat' dir='ltr'><em>perseverare</em></span> <span class='ocrx_word' id='word_1_59' title='bbox 345 1500 378 1561; x_wconf 92' lang='lat' dir='ltr'><em>in</em></span> <span class='ocrx_word' id='word_1_60' title='bbox 394 1500 536 1563; x_wconf 87' lang='lat' dir='ltr'><em>novitate</em></span> <span class='ocrx_word' id='word_1_61' title='bbox 551 1500 717 1562; x_wconf 89' lang='lat' dir='ltr'><em>virtutum.</em></span> 
     </span>
    </p>

    <p class='ocr_par' dir='ltr' id='par_1_5' title="bbox 134 1600 1296 1996">
     <span class='ocr_line' id='line_1_11' title="bbox 179 1600 1296 1687; baseline 0.004 -24"><span class='ocrx_word' id='word_1_62' title='bbox 179 1602 247 1680; x_wconf 79' lang='lat' dir='ltr'><em>Quo</em></span> <span class='ocrx_word' id='word_1_63' title='bbox 268 1602 311 1665; x_wconf 91' lang='lat' dir='ltr'><em>sic</em></span> <span class='ocrx_word' id='word_1_64' title='bbox 327 1602 361 1664; x_wconf 93' lang='lat' dir='ltr'><em>in</em></span> <span class='ocrx_word' id='word_1_65' title='bbox 376 1601 488 1664; x_wconf 85' lang='lat' dir='ltr'><em>senarii</em></span> <span class='ocrx_word' id='word_1_66' title='bbox 504 1602 629 1665; x_wconf 90' lang='lat' dir='ltr'><em>numeri</em></span> <span class='ocrx_word' id='word_1_67' title='bbox 649 1600 842 1687; x_wconf 86' lang='lat' dir='ltr'><em>perfectione</em></span> <span class='ocrx_word' id='word_1_68' title='bbox 865 1601 899 1664; x_wconf 93' lang='lat' dir='ltr'><em>in</em></span> <span class='ocrx_word' id='word_1_69' title='bbox 917 1603 978 1666; x_wconf 89' lang='lat' dir='ltr'><em>hoc</em></span> <span class='ocrx_word' id='word_1_70' title='bbox 994 1603 1105 1665; x_wconf 88' lang='lat' dir='ltr'><em>saeculo</em></span> <span class='ocrx_word' id='word_1_71' title='bbox 1122 1602 1247 1680; x_wconf 81' lang='lat' dir='ltr'><em>vivatis,</em></span> <span class='ocrx_word' id='word_1_72' title='bbox 1264 1618 1296 1668; x_wconf 87' lang='lat' dir='ltr'><em>et</em></span> 
     </span>
     <span class='ocr_line' id='line_1_12' title="bbox 134 1703 1295 1792; baseline 0.004 -28"><span class='ocrx_word' id='word_1_73' title='bbox 134 1703 168 1764; x_wconf 92' lang='lat' dir='ltr'><em>in</em></span> <span class='ocrx_word' id='word_1_74' title='bbox 206 1705 378 1788; x_wconf 80' lang='lat' dir='ltr'><em>septenario</em></span> <span class='ocrx_word' id='word_1_75' title='bbox 414 1705 496 1767; x_wconf 88' lang='lat' dir='ltr'><em>inter</em></span> <span class='ocrx_word' id='word_1_76' title='bbox 531 1705 693 1768; x_wconf 86' lang='lat' dir='ltr'><em>beatorum</em></span> <span class='ocrx_word' id='word_1_77' title='bbox 729 1703 896 1790; x_wconf 82' lang='lat' dir='ltr'><em>spirituum</em></span> <span class='ocrx_word' id='word_1_78' title='bbox 927 1706 1055 1792; x_wconf 86' lang='lat' dir='ltr'><em>agmina</em></span> <span class='ocrx_word' id='word_1_79' title='bbox 1086 1706 1295 1790; x_wconf 87' lang='lat' dir='ltr'><em>requiescatis,</em></span> 
     </span>
     <span class='ocr_line' id='line_1_13' title="bbox 135 1807 1295 1892; baseline 0.003 -24"><span class='ocrx_word' id='word_1_80' title='bbox 135 1807 281 1891; x_wconf 85' lang='lat' dir='ltr'><em>quatinus</em></span> <span class='ocrx_word' id='word_1_81' title='bbox 296 1809 330 1870; x_wconf 93' lang='lat' dir='ltr'><em>in</em></span> <span class='ocrx_word' id='word_1_82' title='bbox 346 1821 456 1871; x_wconf 87' lang='lat' dir='ltr'><em>octavo</em></span> <span class='ocrx_word' id='word_1_83' title='bbox 472 1809 695 1872; x_wconf 89' lang='lat' dir='ltr'><em>resurrectione</em></span> <span class='ocrx_word' id='word_1_84' title='bbox 707 1808 850 1870; x_wconf 81' lang='lat' dir='ltr'><em>renovati</em></span> <span class='ocrx_word' id='word_1_85' title='bbox 860 1809 980 1892; x_wconf 88' lang='lat' dir='ltr'><em>jubelei</em></span> <span class='ocrx_word' id='word_1_86' title='bbox 995 1809 1176 1871; x_wconf 89' lang='lat' dir='ltr'><em>remissione</em></span> <span class='ocrx_word' id='word_1_87' title='bbox 1193 1809 1295 1888; x_wconf 85' lang='lat' dir='ltr'><em>ditati,</em></span> 
     </span>
     <span class='ocr_line' id='line_1_14' title="bbox 136 1909 841 1996; baseline -0.001 -23"><span class='ocrx_word' id='word_1_88' title='bbox 136 1911 176 1973; x_wconf 90' lang='lat' dir='ltr'><em>ad</em></span> <span class='ocrx_word' id='word_1_89' title='bbox 190 1911 306 1996; x_wconf 85' lang='lat' dir='ltr'><em>gaudia</em></span> <span class='ocrx_word' id='word_1_90' title='bbox 322 1912 388 1974; x_wconf 90' lang='lat' dir='ltr'><em>sine</em></span> <span class='ocrx_word' id='word_1_91' title='bbox 404 1911 466 1974; x_wconf 89' lang='lat' dir='ltr'><em>fine</em></span> <span class='ocrx_word' id='word_1_92' title='bbox 482 1934 627 1974; x_wconf 84' lang='lat' dir='ltr'><em>mansura</em></span> <span class='ocrx_word' id='word_1_93' title='bbox 642 1909 841 1996; x_wconf 80' lang='lat' dir='ltr'><em>perveniatis.</em></span> 
     </span>
    </p>

    <p class='ocr_par' dir='ltr' id='par_1_6' title="bbox 182 2014 544 2099">
     <span class='ocr_line' id='line_1_15' title="bbox 182 2014 544 2099; baseline 0 -22"><span class='ocrx_word' id='word_1_94' title='bbox 182 2014 274 2092; x_wconf 77' lang='lat' dir='ltr'><em>Quod</em></span> <span class='ocrx_word' id='word_1_95' title='bbox 289 2015 363 2099; x_wconf 87' lang='lat' dir='ltr'><em>ipse.</em></span> <span class='ocrx_word' id='word_1_96' title='bbox 410 2015 544 2077; x_wconf 73' lang='lat' dir='ltr'><em>Amen</em></span> 
     </span>
    </p>

    <p class='ocr_par' dir='ltr' id='par_1_7' title="bbox 181 2117 374 2182">
     <span class='ocr_line' id='line_1_16' title="bbox 181 2117 374 2182; baseline 0.005 -3"><span class='ocrx_word' id='word_1_97' title='bbox 181 2117 374 2182; x_wconf 81' lang='lat' dir='ltr'><em>Benedictio</em></span> 
     </span>
    </p>
   </div>
   <div class='ocr_carea' id='block_1_4' title="bbox 489 2289 940 2376">
    <p class='ocr_par' dir='ltr' id='par_1_8' title="bbox 489 2289 940 2376">
     <span class='ocr_line' id='line_1_17' title="bbox 489 2289 940 2376; baseline -0.002 -24"><span class='ocrx_word' id='word_1_98' title='bbox 489 2291 667 2354; x_wconf 84' lang='lat' dir='ltr'><em>Benedictio</em></span> <span class='ocrx_word' id='word_1_99' title='bbox 680 2291 713 2352; x_wconf 91' lang='lat' dir='ltr'><em>in</em></span> <span class='ocrx_word' id='word_1_100' title='bbox 733 2289 940 2376; x_wconf 75' lang='lat' dir='ltr'><em>Theophanio.</em></span> 
     </span>
    </p>
   </div>
   <div class='ocr_carea' id='block_1_5' title="bbox 135 2425 1363 3729">
    <p class='ocr_par' dir='ltr' id='par_1_9' title="bbox 135 2425 1294 2698">
     <span class='ocr_line' id='line_1_18' title="bbox 181 2425 1293 2514; baseline -0.002 -24"><span class='ocrx_word' id='word_1_101' title='bbox 181 2429 276 2506; x_wconf 87' lang='lat' dir='ltr'><em>Deus,</em></span> <span class='ocrx_word' id='word_1_102' title='bbox 307 2428 414 2490; x_wconf 92' lang='lat' dir='ltr'><em>lumen</em></span> <span class='ocrx_word' id='word_1_103' title='bbox 441 2451 563 2505; x_wconf 85' lang='lat' dir='ltr'><em>verum,</em></span> <span class='ocrx_word' id='word_1_104' title='bbox 591 2428 645 2514; x_wconf 89' lang='lat' dir='ltr'><em>qui</em></span> <span class='ocrx_word' id='word_1_105' title='bbox 677 2427 889 2514; x_wconf 83' lang='lat' dir='ltr'><em>Unigenitum</em></span> <span class='ocrx_word' id='word_1_106' title='bbox 916 2449 1018 2501; x_wconf 86' lang='lat' dir='ltr'><em>suum,</em></span> <span class='ocrx_word' id='word_1_107' title='bbox 1049 2425 1201 2488; x_wconf 83' lang='lat' dir='ltr'><em>hodierna</em></span> <span class='ocrx_word' id='word_1_108' title='bbox 1232 2426 1293 2503; x_wconf 82' lang='lat' dir='ltr'><em>die,</em></span> 
     </span>
     <span class='ocr_line' id='line_1_19' title="bbox 135 2528 1294 2618; baseline -0.002 -24"><span class='ocrx_word' id='word_1_109' title='bbox 135 2531 223 2595; x_wconf 85' lang='lat' dir='ltr'><em>stella</em></span> <span class='ocrx_word' id='word_1_110' title='bbox 254 2533 343 2609; x_wconf 90' lang='lat' dir='ltr'><em>duce,</em></span> <span class='ocrx_word' id='word_1_111' title='bbox 370 2531 518 2618; x_wconf 89' lang='lat' dir='ltr'><em>gentibus</em></span> <span class='ocrx_word' id='word_1_112' title='bbox 546 2532 649 2595; x_wconf 87' lang='lat' dir='ltr'><em>voluit</em></span> <span class='ocrx_word' id='word_1_113' title='bbox 672 2532 821 2608; x_wconf 86' lang='lat' dir='ltr'><em>revelare,</em></span> <span class='ocrx_word' id='word_1_114' title='bbox 853 2553 907 2592; x_wconf 85' lang='lat' dir='ltr'><em>sua</em></span> <span class='ocrx_word' id='word_1_115' title='bbox 937 2552 992 2591; x_wconf 87' lang='lat' dir='ltr'><em>vos</em></span> <span class='ocrx_word' id='word_1_116' title='bbox 1022 2528 1172 2614; x_wconf 82' lang='lat' dir='ltr'><em>dignetur</em></span> <span class='ocrx_word' id='word_1_117' title='bbox 1202 2529 1294 2592; x_wconf 91' lang='lat' dir='ltr'><em>bene-</em></span> 
     </span>
     <span class='ocr_line' id='line_1_20' title="bbox 137 2634 561 2698; baseline 0 -2"><span class='ocrx_word' id='word_1_118' title='bbox 137 2634 274 2698; x_wconf 89' lang='lat' dir='ltr'><em>dictione</em></span> <span class='ocrx_word' id='word_1_119' title='bbox 291 2635 399 2697; x_wconf 85' lang='lat' dir='ltr'><em>ditare.</em></span> <span class='ocrx_word' id='word_1_120' title='bbox 446 2634 561 2697; x_wconf 90' lang='lat' dir='ltr'><em>Amen.</em></span> 
     </span>
    </p>

    <p class='ocr_par' dir='ltr' id='par_1_10' title="bbox 135 2733 1295 3031">
     <span class='ocr_line' id='line_1_21' title="bbox 182 2733 1295 2824; baseline -0.004 -24"><span class='ocrx_word' id='word_1_121' title='bbox 182 2738 251 2816; x_wconf 81' lang='lat' dir='ltr'><em>Quo</em></span> <span class='ocrx_word' id='word_1_122' title='bbox 266 2738 410 2824; x_wconf 86' lang='lat' dir='ltr'><em>exemplo</em></span> <span class='ocrx_word' id='word_1_123' title='bbox 427 2737 594 2823; x_wconf 83' lang='lat' dir='ltr'><em>Magorum</em></span> <span class='ocrx_word' id='word_1_124' title='bbox 617 2736 749 2821; x_wconf 88' lang='lat' dir='ltr'><em>mystica</em></span> <span class='ocrx_word' id='word_1_125' title='bbox 766 2735 903 2798; x_wconf 92' lang='lat' dir='ltr'><em>Domino</em></span> <span class='ocrx_word' id='word_1_126' title='bbox 920 2735 999 2798; x_wconf 78' lang='lat' dir='ltr'><em>Jesu</em></span> <span class='ocrx_word' id='word_1_127' title='bbox 1015 2733 1140 2796; x_wconf 82' lang='lat' dir='ltr'><em>Christo</em></span> <span class='ocrx_word' id='word_1_128' title='bbox 1164 2757 1295 2796; x_wconf 86' lang='lat' dir='ltr'><em>munera</em></span> 
     </span>
     <span class='ocr_line' id='line_1_22' title="bbox 136 2837 1295 2927; baseline -0.003 -23"><span class='ocrx_word' id='word_1_129' title='bbox 136 2841 311 2919; x_wconf 71' lang='lat' dir='ltr'><em>offerentes,</em></span> <span class='ocrx_word' id='word_1_130' title='bbox 328 2854 430 2927; x_wconf 90' lang='lat' dir='ltr'><em>spreto</em></span> <span class='ocrx_word' id='word_1_131' title='bbox 452 2840 581 2925; x_wconf 84' lang='lat' dir='ltr'><em>antiquo</em></span> <span class='ocrx_word' id='word_1_132' title='bbox 601 2840 700 2916; x_wconf 87' lang='lat' dir='ltr'><em>hoste,</em></span> <span class='ocrx_word' id='word_1_133' title='bbox 717 2838 887 2924; x_wconf 90' lang='lat' dir='ltr'><em>spretisque</em></span> <span class='ocrx_word' id='word_1_134' title='bbox 906 2837 1061 2923; x_wconf 83' lang='lat' dir='ltr'><em>contagiis</em></span> <span class='ocrx_word' id='word_1_135' title='bbox 1075 2837 1238 2914; x_wconf 85' lang='lat' dir='ltr'><em>vitiorum,</em></span> <span class='ocrx_word' id='word_1_136' title='bbox 1254 2838 1295 2901; x_wconf 83' lang='lat' dir='ltr'><em>ad</em></span> 
     </span>
     <span class='ocr_line' id='line_1_23' title="bbox 135 2941 1205 3031; baseline -0.004 -25"><span class='ocrx_word' id='word_1_137' title='bbox 135 2957 281 3008; x_wconf 77' lang='lat' dir='ltr'><em>aeternnm</em></span> <span class='ocrx_word' id='word_1_138' title='bbox 297 2944 430 3031; x_wconf 84' lang='lat' dir='ltr'><em>patriam</em></span> <span class='ocrx_word' id='word_1_139' title='bbox 445 2944 546 3007; x_wconf 89' lang='lat' dir='ltr'><em>redire</em></span> <span class='ocrx_word' id='word_1_140' title='bbox 561 2943 690 3006; x_wconf 85' lang='lat' dir='ltr'><em>valeatis</em></span> <span class='ocrx_word' id='word_1_141' title='bbox 705 2966 760 3029; x_wconf 90' lang='lat' dir='ltr'><em>per</em></span> <span class='ocrx_word' id='word_1_142' title='bbox 775 2943 861 3004; x_wconf 84' lang='lat' dir='ltr'><em>viem</em></span> <span class='ocrx_word' id='word_1_143' title='bbox 876 2942 1043 3005; x_wconf 87' lang='lat' dir='ltr'><em>virtutum.</em></span> <span class='ocrx_word' id='word_1_144' title='bbox 1089 2941 1205 3003; x_wconf 86' lang='lat' dir='ltr'><em>Amen.</em></span> 
     </span>
    </p>

    <p class='ocr_par' dir='ltr' id='par_1_11' title="bbox 135 3041 1363 3522">
     <span class='ocr_line' id='line_1_24' title="bbox 181 3041 1363 3134; baseline -0.007 -23"><span class='ocrx_word' id='word_1_145' title='bbox 181 3049 304 3134; x_wconf 89' lang='lat' dir='ltr'><em>Detque</em></span> <span class='ocrx_word' id='word_1_146' title='bbox 328 3048 417 3112; x_wconf 90' lang='lat' dir='ltr'><em>vobis</em></span> <span class='ocrx_word' id='word_1_147' title='bbox 440 3070 547 3110; x_wconf 80' lang='lat' dir='ltr'><em>veram</em></span> <span class='ocrx_word' id='word_1_148' title='bbox 576 3046 731 3110; x_wconf 88' lang='lat' dir='ltr'><em>mentium</em></span> <span class='ocrx_word' id='word_1_149' title='bbox 757 3045 982 3121; x_wconf 84' lang='lat' dir='ltr'><em>innocentiam,</em></span> <span class='ocrx_word' id='word_1_150' title='bbox 1008 3044 1063 3128; x_wconf 90' lang='lat' dir='ltr'><em>qui</em></span> <span class='ocrx_word' id='word_1_151' title='bbox 1093 3051 1186 3128; x_wconf 78' lang='lat' dir='ltr'><em>super</em></span> <span class='ocrx_word' id='word_1_152' title='bbox 1213 3041 1294 3106; x_wconf 89' lang='lat' dir='ltr'><em>Uni·</em></span> <span class='ocrx_word' id='word_1_153' title='bbox 1362 3053 1363 3056; x_wconf 76' lang='grc'>’</span> 
     </span>
     <span class='ocr_line' id='line_1_25' title="bbox 137 3146 1293 3237; baseline -0.005 -23"><span class='ocrx_word' id='word_1_154' title='bbox 137 3152 280 3236; x_wconf 89' lang='lat' dir='ltr'><em>genitum</em></span> <span class='ocrx_word' id='word_1_155' title='bbox 291 3176 381 3214; x_wconf 91' lang='lat' dir='ltr'><em>suum</em></span> <span class='ocrx_word' id='word_1_156' title='bbox 395 3150 547 3237; x_wconf 83' lang='lat' dir='ltr'><em>Spiritum</em></span> <span class='ocrx_word' id='word_1_157' title='bbox 557 3150 706 3213; x_wconf 84' lang='lat' dir='ltr'><em>Sanctum</em></span> <span class='ocrx_word' id='word_1_158' title='bbox 716 3148 922 3213; x_wconf 85' lang='lat' dir='ltr'><em>demonstrari</em></span> <span class='ocrx_word' id='word_1_159' title='bbox 931 3146 1033 3211; x_wconf 88' lang='lat' dir='ltr'><em>voluit</em></span> <span class='ocrx_word' id='word_1_160' title='bbox 1042 3147 1293 3233; x_wconf 84' lang='lat' dir='ltr'><em>percolumbam,</em></span> 
     </span>
     <span class='ocr_line' id='line_1_26' title="bbox 135 3250 1293 3339; baseline -0.003 -22"><span class='ocrx_word' id='word_1_161' title='bbox 135 3278 232 3339; x_wconf 87' lang='lat' dir='ltr'><em>eaque</em></span> <span class='ocrx_word' id='word_1_162' title='bbox 247 3256 364 3318; x_wconf 88' lang='lat' dir='ltr'><em>virtute</em></span> <span class='ocrx_word' id='word_1_163' title='bbox 394 3266 512 3316; x_wconf 89' lang='lat' dir='ltr'><em>mentes</em></span> <span class='ocrx_word' id='word_1_164' title='bbox 528 3267 637 3316; x_wconf 79' lang='lat' dir='ltr'><em>vestroe</em></span> <span class='ocrx_word' id='word_1_165' title='bbox 659 3264 863 3316; x_wconf 86' lang='lat' dir='ltr'><em>exerceantur</em></span> <span class='ocrx_word' id='word_1_166' title='bbox 886 3251 925 3314; x_wconf 88' lang='lat' dir='ltr'><em>ad</em></span> <span class='ocrx_word' id='word_1_167' title='bbox 952 3250 1159 3337; x_wconf 87' lang='lat' dir='ltr'><em>intelligenda</em></span> <span class='ocrx_word' id='word_1_168' title='bbox 1184 3250 1293 3314; x_wconf 88' lang='lat' dir='ltr'><em>divine</em></span> 
     </span>
     <span class='ocr_line' id='line_1_27' title="bbox 136 3353 1292 3442; baseline -0.002 -24"><span class='ocrx_word' id='word_1_169' title='bbox 136 3357 214 3442; x_wconf 88' lang='lat' dir='ltr'><em>legis</em></span> <span class='ocrx_word' id='word_1_170' title='bbox 244 3356 387 3433; x_wconf 84' lang='lat' dir='ltr'><em>archana,</em></span> <span class='ocrx_word' id='word_1_171' title='bbox 419 3379 479 3440; x_wconf 84' lang='lat' dir='ltr'><em>qua</em></span> <span class='ocrx_word' id='word_1_172' title='bbox 508 3356 541 3418; x_wconf 92' lang='lat' dir='ltr'><em>in</em></span> <span class='ocrx_word' id='word_1_173' title='bbox 585 3356 693 3420; x_wconf 78' lang='lat' dir='ltr'><em>Charra</em></span> <span class='ocrx_word' id='word_1_174' title='bbox 725 3355 850 3418; x_wconf 83' lang='lat' dir='ltr'><em>Galileae</em></span> <span class='ocrx_word' id='word_1_175' title='bbox 879 3353 1009 3440; x_wconf 85' lang='lat' dir='ltr'>lympha</span> <span class='ocrx_word' id='word_1_176' title='bbox 1039 3366 1086 3416; x_wconf 91' lang='lat' dir='ltr'><em>est</em></span> <span class='ocrx_word' id='word_1_177' title='bbox 1115 3353 1148 3414; x_wconf 93' lang='lat' dir='ltr'><em>in</em></span> <span class='ocrx_word' id='word_1_178' title='bbox 1181 3353 1292 3416; x_wconf 87' lang='lat' dir='ltr'><em>vinum</em></span> 
     </span>
     <span class='ocr_line' id='line_1_28' title="bbox 138 3483 294 3522; baseline -0.013 -1"><span class='ocrx_word' id='word_1_179' title='bbox 138 3483 294 3522; x_wconf 82' lang='lat' dir='ltr'><em>conversa.</em></span> 
     </span>
    </p>

    <p class='ocr_par' dir='ltr' id='par_1_12' title="bbox 184 3561 524 3646">
     <span class='ocr_line' id='line_1_29' title="bbox 184 3561 524 3646; baseline -0.003 -22"><span class='ocrx_word' id='word_1_180' title='bbox 184 3562 274 3640; x_wconf 76' lang='lat' dir='ltr'><em>Quod</em></span> <span class='ocrx_word' id='word_1_181' title='bbox 289 3562 363 3646; x_wconf 90' lang='lat' dir='ltr'><em>ipse.</em></span> <span class='ocrx_word' id='word_1_182' title='bbox 410 3561 524 3624; x_wconf 82' lang='lat' dir='ltr'><em>Amen.</em></span> 
     </span>
    </p>

    <p class='ocr_par' dir='ltr' id='par_1_13' title="bbox 183 3665 376 3729">
     <span class='ocr_line' id='line_1_30' title="bbox 183 3665 376 3729; baseline -0.01 0"><span class='ocrx_word' id='word_1_183' title='bbox 183 3665 376 3729; x_wconf 83' lang='lat' dir='ltr'><em>Benedictio.</em></span> 
     </span>
    </p>
   </div>
   <div class='ocr_carea' id='block_1_6' title="bbox 330 3835 1096 3926">
    <p class='ocr_par' dir='ltr' id='par_1_14' title="bbox 330 3835 1096 3926">
     <span class='ocr_line' id='line_1_31' title="bbox 330 3835 1096 3926; baseline -0.005 -27"><span class='ocrx_word' id='word_1_184' title='bbox 330 3838 507 3902; x_wconf 89' lang='lat' dir='ltr'><em>Benedictio</em></span> <span class='ocrx_word' id='word_1_185' title='bbox 523 3836 712 3926; x_wconf 75' lang='lat' dir='ltr'><em>Epiphaniae</em></span> <span class='ocrx_word' id='word_1_186' title='bbox 726 3835 860 3898; x_wconf 86' lang='lat' dir='ltr'><em>Domini</em></span> <span class='ocrx_word' id='word_1_187' title='bbox 875 3836 917 3896; x_wconf 89' lang='lat' dir='ltr'><em>od</em></span> <span class='ocrx_word' id='word_1_188' title='bbox 931 3855 1096 3918; x_wconf 79' lang='lat' dir='ltr'><em>vesperum.</em></span> 
     </span>
    </p>
   </div>
   <div class='ocr_carea' id='block_1_7' title="bbox 136 3969 1290 4478">
    <p class='ocr_par' dir='ltr' id='par_1_15' title="bbox 136 3969 1290 4372">
     <span class='ocr_line' id='line_1_32' title="bbox 183 3969 1287 4055; baseline -0.003 -17"><span class='ocrx_word' id='word_1_189' title='bbox 183 3976 277 4052; x_wconf 90' lang='lat' dir='ltr'><em>Deus,</em></span> <span class='ocrx_word' id='word_1_190' title='bbox 302 3975 494 4040; x_wconf 84' lang='lat' dir='ltr'><em>mirabilium</em></span> <span class='ocrx_word' id='word_1_191' title='bbox 521 3987 552 4037; x_wconf 88' lang='lat' dir='ltr'><em>et</em></span> <span class='ocrx_word' id='word_1_192' title='bbox 578 3975 732 4037; x_wconf 89' lang='lat' dir='ltr'><em>virtutum</em></span> <span class='ocrx_word' id='word_1_193' title='bbox 751 3982 868 4047; x_wconf 87' lang='lat' dir='ltr'><em>auctor,</em></span> <span class='ocrx_word' id='word_1_194' title='bbox 885 3982 916 4033; x_wconf 90' lang='lat' dir='ltr'><em>te</em></span> <span class='ocrx_word' id='word_1_195' title='bbox 940 3969 1093 4055; x_wconf 90' lang='lat' dir='ltr'><em>supplices</em></span> <span class='ocrx_word' id='word_1_196' title='bbox 1114 3993 1287 4051; x_wconf 84' lang='lat' dir='ltr'><em>exoremus,</em></span> 
     </span>
     <span class='ocr_line' id='line_1_33' title="bbox 138 4067 1290 4165; baseline -0.005 -22"><span class='ocrx_word' id='word_1_197' title='bbox 138 4093 174 4143; x_wconf 94' lang='lat' dir='ltr'><em>ut</em></span> <span class='ocrx_word' id='word_1_198' title='bbox 203 4079 258 4165; x_wconf 93' lang='lat' dir='ltr'><em>qui</em></span> <span class='ocrx_word' id='word_1_199' title='bbox 288 4101 319 4142; x_wconf 90' lang='lat' dir='ltr'><em>se</em></span> <span class='ocrx_word' id='word_1_200' title='bbox 349 4091 425 4142; x_wconf 89' lang='lat' dir='ltr'><em>tunc</em></span> <span class='ocrx_word' id='word_1_201' title='bbox 451 4078 565 4143; x_wconf 90' lang='lat' dir='ltr'><em>mundi</em></span> <span class='ocrx_word' id='word_1_202' title='bbox 594 4078 702 4140; x_wconf 90' lang='lat' dir='ltr'><em>lumen</em></span> <span class='ocrx_word' id='word_1_203' title='bbox 728 4074 823 4137; x_wconf 85' lang='lat' dir='ltr'><em>stellae</em></span> <span class='ocrx_word' id='word_1_204' title='bbox 851 4072 990 4158; x_wconf 80' lang='lat' dir='ltr'><em>prodidit</em></span> <span class='ocrx_word' id='word_1_205' title='bbox 1019 4067 1149 4150; x_wconf 83' lang='lat' dir='ltr'><em>lumine,</em></span> <span class='ocrx_word' id='word_1_206' title='bbox 1175 4087 1207 4136; x_wconf 91' lang='lat' dir='ltr'><em>et</em></span> <span class='ocrx_word' id='word_1_207' title='bbox 1232 4074 1290 4138; x_wconf 90' lang='lat' dir='ltr'><em>hu-</em></span> 
     </span>
     <span class='ocr_line' id='line_1_34' title="bbox 136 4172 1289 4271; baseline -0.004 -25"><span class='ocrx_word' id='word_1_208' title='bbox 136 4183 301 4246; x_wconf 85' lang='lat' dir='ltr'><em>militatem</em></span> <span class='ocrx_word' id='word_1_209' title='bbox 323 4182 429 4246; x_wconf 89' lang='lat' dir='ltr'><em>videre</em></span> <span class='ocrx_word' id='word_1_210' title='bbox 454 4181 546 4267; x_wconf 81' lang='lat' dir='ltr'><em>Magi</em></span> <span class='ocrx_word' id='word_1_211' title='bbox 570 4190 780 4271; x_wconf 87' lang='lat' dir='ltr'><em>pervenerunt</em></span> <span class='ocrx_word' id='word_1_212' title='bbox 806 4177 846 4240; x_wconf 83' lang='lat' dir='ltr'><em>ad</em></span> <span class='ocrx_word' id='word_1_213' title='bbox 872 4177 1002 4264; x_wconf 89' lang='lat' dir='ltr'><em>Regem,</em></span> <span class='ocrx_word' id='word_1_214' title='bbox 1023 4177 1089 4262; x_wconf 89' lang='lat' dir='ltr'><em>ipse</em></span> <span class='ocrx_word' id='word_1_215' title='bbox 1114 4177 1154 4239; x_wconf 89' lang='lat' dir='ltr'><em>ad</em></span> <span class='ocrx_word' id='word_1_216' title='bbox 1180 4172 1289 4264; x_wconf 85' lang='lat' dir='ltr'><em>agnos-</em></span> 
     </span>
     <span class='ocr_line' id='line_1_35' title="bbox 136 4281 985 4372; baseline -0.008 -22"><span class='ocrx_word' id='word_1_217' title='bbox 136 4286 270 4350; x_wconf 87' lang='lat' dir='ltr'><em>cendum</em></span> <span class='ocrx_word' id='word_1_218' title='bbox 287 4310 318 4349; x_wconf 88' lang='lat' dir='ltr'><em>se</em></span> <span class='ocrx_word' id='word_1_219' title='bbox 330 4286 443 4349; x_wconf 84' lang='lat' dir='ltr'><em>delicte</em></span> <span class='ocrx_word' id='word_1_220' title='bbox 457 4285 650 4372; x_wconf 86' lang='lat' dir='ltr'><em>ignoscenda</em></span> <span class='ocrx_word' id='word_1_221' title='bbox 667 4281 825 4346; x_wconf 85' lang='lat' dir='ltr'><em>concedat.</em></span> <span class='ocrx_word' id='word_1_222' title='bbox 871 4281 985 4344; x_wconf 87' lang='lat' dir='ltr'><em>Amen.</em></span> 
     </span>
    </p>

    <p class='ocr_par' dir='ltr' id='par_1_16' title="bbox 181 4384 1289 4478">
     <span class='ocr_line' id='line_1_36' title="bbox 181 4384 1289 4478; baseline -0.005 -24"><span class='ocrx_word' id='word_1_223' title='bbox 181 4392 223 4456; x_wconf 88' lang='lat' dir='ltr'><em>Et</em></span> <span class='ocrx_word' id='word_1_224' title='bbox 248 4392 300 4476; x_wconf 89' lang='lat' dir='ltr'><em>qui</em></span> <span class='ocrx_word' id='word_1_225' title='bbox 317 4390 466 4478; x_wconf 85' lang='lat' dir='ltr'><em>dignatus</em></span> <span class='ocrx_word' id='word_1_226' title='bbox 483 4402 530 4454; x_wconf 89' lang='lat' dir='ltr'><em>est</em></span> <span class='ocrx_word' id='word_1_227' title='bbox 545 4389 641 4455; x_wconf 91' lang='lat' dir='ltr'><em>hodie</em></span> <span class='ocrx_word' id='word_1_228' title='bbox 664 4386 704 4450; x_wconf 79' lang='lat' dir='ltr'><em>ad</em></span> <span class='ocrx_word' id='word_1_229' title='bbox 721 4385 868 4451; x_wconf 67' lang='lat' dir='ltr'><em>&lt;Iordanis</em></span> <span class='ocrx_word' id='word_1_230' title='bbox 891 4384 1094 4464; x_wconf 75' lang='lat' dir='ltr'><em>sontemfons</em></span> <span class='ocrx_word' id='word_1_231' title='bbox 1115 4408 1201 4470; x_wconf 84' lang='lat' dir='ltr'><em>nqueo</em></span> <span class='ocrx_word' id='word_1_232' title='bbox 1216 4385 1289 4448; x_wconf 80' lang='lat' dir='ltr'><em>vive</em></span> 
     </span>
    </p>
   </div>
   <div class='ocr_carea' id='block_1_8' title="bbox 0 0 1438 4934">
    <p class='ocr_par' dir='ltr' id='par_1_17' title="bbox 0 0 1438 4934">
     <span class='ocr_line' id='line_1_37' title="bbox 0 0 1438 4934; baseline 0 0"><span class='ocrx_word' id='word_1_233' title='bbox 0 0 1438 4934; x_wconf 95' lang='lat' dir='ltr'><em> </em></span> 
     </span>
    </p>
   </div>
  </div>
 </body>
</html>
