2866 4934
440 608 684 658 romulcam
699 607 922 657 scenarum.

472 850 583 915 Mrssa
607 869 646 915 ru
669 866 872 917 orurrsaio.

148 1021 243 1098 Deus,
260 1022 349 1105 cujus
365 1022 563 1088 miseratione
577 1023 690 1088 animae
704 1023 845 1088 fidelium
861 1021 1091 1108 requiescunt,
1117 1021 1275 1087 animabus

103 1122 293 1190 famulorum
311 1125 559 1212 famularumque
582 1141 719 1206 tuarum,
735 1126 786 1190 vel
809 1124 959 1189 omnibus
983 1124 1024 1188 in
1040 1125 1109 1192 hoc
1126 1125 1274 1191 cimiterio

103 1228 345 1316 quiescentibus,
384 1228 424 1292 da
456 1230 611 1317 propitius
640 1231 765 1295 veniam
791 1238 1007 1315 pcccatorum,
1039 1242 1081 1294 ut
1113 1254 1134 1295 a
1161 1229 1274 1295 cunctis

103 1332 240 1397 reatibus
255 1332 394 1396 absolute
409 1332 475 1397 sine
490 1332 554 1397 fine
568 1333 722 1398 laetentur.
769 1332 836 1396 Per.

642 1507 731 1570 Alio.

151 1640 359 1729 Omnipotens
388 1641 576 1727 sempiterne
607 1642 703 1721 Deus,
735 1663 848 1717 annue,
885 1661 1086 1725 quaesumus,
1130 1641 1272 1729 precibus

105 1747 218 1811 nostris
245 1769 281 1808 ea
301 1768 362 1831 que
377 1745 544 1831 poscimus,
570 1758 601 1809 et
626 1745 708 1809 dona
731 1743 887 1820 omnibus,
903 1765 1046 1828 quorum
1072 1744 1132 1809 hic
1150 1742 1272 1833 corpora

105 1849 314 1935 requiescunt,
331 1847 485 1934 refrigerii
501 1848 617 1927 sedem,
634 1847 748 1934 quictis
762 1843 1006 1923 beatitudinem,
1023 1846 1167 1933 luminis
1189 1847 1272 1913 clari·

108 1965 217 2031 tatem,
245 1964 281 2014 ut
310 1951 365 2038 qui
399 1965 598 2038 peccatorum
625 1974 751 2015 suorum
780 1948 919 2036 pondere
943 1963 1198 2036 pregravantur,
1225 1973 1273 2015 cos

107 2054 293 2143 supplicatio
308 2053 508 2120 commendet
522 2055 666 2120 aecclosie.
713 2054 782 2119 Per.

620 2228 751 2292 Secreta.

155 2364 215 2429 Pro
231 2360 394 2428 animabus
409 2362 598 2428 famulorum
615 2362 865 2447 famularumque
880 2372 1007 2424 tuarum
1020 2372 1055 2424 et
1064 2363 1218 2428 omnium
1225 2360 1275 2428 bic

109 2467 344 2547 dormientium,
360 2467 505 2546 hostiam,
520 2466 667 2544 Domine,
684 2465 804 2551 suscipe
819 2464 975 2550 benignus
990 2463 1150 2546 oblatam,
1167 2479 1206 2532 ut
1216 2467 1274 2531 hoc

110 2571 260 2637 sacrificio
276 2571 428 2659 singulari
444 2570 579 2634 vinculis
590 2568 745 2633 horrende
754 2567 863 2632 mortis
872 2579 968 2631 exute
977 2564 1082 2631 vitam
1092 2582 1277 2636 mercantum

109 2689 266 2740 aeternam.
313 2677 380 2738 l'er.

517 2844 594 2908 Post
608 2845 857 2908 communionem.

156 2983 400 3063 Deus,fidelium
410 2981 517 3046 lumen
527 2980 714 3059 animarum,
728 2980 833 3044 adesto
849 2976 1134 3064 supplicationibus
1149 2981 1277 3060 nostris,

114 3099 147 3150 et
162 3087 202 3149 da
217 3084 363 3149 omnibus
389 3108 523 3170 quorum
535 3107 663 3172 corpora
678 3082 731 3147 hic
754 3081 953 3168 requiescunt
974 3078 1136 3166 refiigerii
1157 3084 1277 3163 sedem,

115 3187 232 3274 quietis
243 3184 482 3263 beatitudinem,
499 3185 629 3250 luminis
644 3186 826 3250 claritatem.
873 3183 941 3246 Per.

119 3479 410 3542 Rucoucmrnrro
451 3491 605 3538 aurnuns
649 3492 722 3538 rur
755 3492 839 3540 Loo1
872 3492 985 3552 suom,
1020 3492 1087 3538 um
1122 3493 1279 3544 sensura

204 3594 341 3641 rorum
364 3593 535 3653 sanuses,
559 3594 632 3639 nur
656 3595 888 3642 nonrornrorr
911 3594 1191 3643 runrsrnnrtnr.

162 3769 266 3832 Deum
293 3766 484 3830 indultorem
515 3766 695 3844 criminum,
727 3767 832 3830 Deum
863 3766 1003 3830 sordium
1039 3766 1277 3848 mundatorem,

120 3873 236 3951 Deum,
253 3871 308 3957 qui
334 3883 482 3934 cunctum
499 3870 633 3957 peccatis
649 3869 854 3955 originalibus
869 3871 1024 3933 mundum
1047 3869 1205 3936 adventus
1228 3873 1279 3936 sui

120 3978 222 4041 nitore
252 3975 441 4062 purificavit,
473 3974 627 4060 supplices
664 3974 876 4059 deprecamur,
914 3985 952 4036 ut
988 3973 1105 4038 diaboli
1142 3974 1280 4042 furentis

120 4080 240 4143 insidiis
255 4078 343 4143 fortis
368 4078 458 4143 nobis
473 4090 630 4164 pugnator
645 4076 779 4139 assistat:
803 4087 835 4138 et
861 4075 886 4138 si
911 4076 988 4160 quid
1011 4077 1078 4160 ejus
1105 4077 1280 4145 ealliditate

119 4181 282 4245 cotidianis
297 4179 546 4244 infestationibus
558 4179 748 4242 maomatum
764 4176 797 4239 in
808 4175 898 4240 nobis
912 4189 1157 4263 corruptumque
1168 4178 1278 4261 fuerit,

120 4284 271 4347 efficiatur
286 4282 401 4346 ooelesti
417 4281 712 4363 sanctifflfioatione
725 4304 761 4344 ac
775 4278 990 4357 mundatione,
1001 4281 1067 4343 sive
1076 4281 1281 4348 miseratione

120 4398 288 4471 purgatum
309 4385 393 4469 quod
408 4385 508 4447 fuerat
527 4383 643 4446 diaboli
667 4383 775 4447 fraude
798 4382 966 4467 pollutum,
994 4383 1067 4469 quia
1085 4383 1168 4448 siout
1190 4384 1281 4450 illius

121 4498 167 4546 est
182 4487 316 4548 solidum
331 4485 564 4570 perfectumque
585 4505 741 4568 quassare:
765 4485 808 4547 ita
834 4484 968 4547 auctoris
992 4485 1100 4564 nostri,
1123 4498 1170 4551 est
1191 4486 1281 4573 lapsa

121 4587 293 4664 restituere,
310 4600 341 4650 et
356 4599 500 4671 corrupta
511 4609 655 4672 purgare,
669 4587 758 4670 cujus
773 4587 966 4670 majestatem
977 4611 1152 4673 precamur,
1163 4602 1200 4654 ut
1210 4590 1281 4654 haec
