<?xml version="1.0" encoding="UTF-8"?>
<!DOCTYPE html PUBLIC "-//W3C//DTD XHTML 1.0 Transitional//EN"
    "http://www.w3.org/TR/xhtml1/DTD/xhtml1-transitional.dtd">
<html xmlns="http://www.w3.org/1999/xhtml" xml:lang="en" lang="en">
 <head>
  <title>
</title>
<meta http-equiv="Content-Type" content="text/html;charset=utf-8" />
  <meta name='ocr-system' content='tesseract 3.04.00' />
  <meta name='ocr-capabilities' content='ocr_page ocr_carea ocr_par ocr_line ocrx_word'/>
</head>
<body>
  <div class='ocr_page' id='page_1' title='image "./pontificalegber00churgoog_0172.png"; bbox 0 0 2866 4934; ppageno 0'>
   <div class='ocr_carea' id='block_1_1' title="bbox 536 429 1260 489">
    <p class='ocr_par' dir='ltr' id='par_1_1' title="bbox 536 429 1260 489">
     <span class='ocr_line' id='line_1_1' title="bbox 536 429 1260 489; baseline 0.007 -6"><span class='ocrx_word' id='word_1_1' title='bbox 536 437 835 487; x_wconf 78' lang='lat' dir='ltr'><strong>nrunnrorromrs.</strong></span> <span class='ocrx_word' id='word_1_2' title='bbox 1200 429 1260 489; x_wconf 87' lang='lat'><strong>135</strong></span> 
     </span>
    </p>
   </div>
   <div class='ocr_carea' id='block_1_2' title="bbox 108 589 1262 990">
    <p class='ocr_par' dir='ltr' id='par_1_2' title="bbox 108 589 1262 990">
     <span class='ocr_line' id='line_1_2' title="bbox 108 589 1261 678; baseline 0.008 -27"><span class='ocrx_word' id='word_1_3' title='bbox 108 610 160 653; x_wconf 90' lang='lat' dir='ltr'><strong>me</strong></span> <span class='ocrx_word' id='word_1_4' title='bbox 182 589 222 655; x_wconf 87' lang='lat' dir='ltr'><strong>ab</strong></span> <span class='ocrx_word' id='word_1_5' title='bbox 245 590 357 676; x_wconf 83' lang='lat' dir='ltr'><strong>angelo</strong></span> <span class='ocrx_word' id='word_1_6' title='bbox 380 591 582 678; x_wconf 80' lang='lat' dir='ltr'>percutiente.</span> <span class='ocrx_word' id='word_1_7' title='bbox 628 592 764 657; x_wconf 86' lang='lat' dir='ltr'>Domine</span> <span class='ocrx_word' id='word_1_8' title='bbox 789 593 867 659; x_wconf 82' lang='lat' dir='ltr'><strong>Jesu</strong></span> <span class='ocrx_word' id='word_1_9' title='bbox 892 593 1026 673; x_wconf 82' lang='lat' dir='ltr'>Christe,</span> <span class='ocrx_word' id='word_1_10' title='bbox 1050 593 1145 659; x_wconf 87' lang='lat' dir='ltr'><strong>adoro</strong></span> <span class='ocrx_word' id='word_1_11' title='bbox 1171 608 1203 659; x_wconf 85' lang='lat' dir='ltr'><strong>tc</strong></span> <span class='ocrx_word' id='word_1_12' title='bbox 1227 597 1261 660; x_wconf 88' lang='lat' dir='ltr'><strong>in</strong></span> 
     </span>
     <span class='ocr_line' id='line_1_3' title="bbox 109 692 1262 785; baseline 0.01 -31"><span class='ocrx_word' id='word_1_13' title='bbox 109 692 250 775; x_wconf 67' lang='lat' dir='ltr'><strong>cruffloe</strong></span> <span class='ocrx_word' id='word_1_14' title='bbox 271 693 480 772; x_wconf 87' lang='lat' dir='ltr'><strong>vulneratum,</strong></span> <span class='ocrx_word' id='word_1_15' title='bbox 496 695 569 759; x_wconf 88' lang='lat' dir='ltr'><strong>felle</strong></span> <span class='ocrx_word' id='word_1_16' title='bbox 584 709 616 760; x_wconf 88' lang='lat' dir='ltr'><strong>et</strong></span> <span class='ocrx_word' id='word_1_17' title='bbox 638 709 725 761; x_wconf 88' lang='lat' dir='ltr'><strong>aceto</strong></span> <span class='ocrx_word' id='word_1_18' title='bbox 747 710 906 783; x_wconf 88' lang='lat' dir='ltr'><strong>potatum:</strong></span> <span class='ocrx_word' id='word_1_19' title='bbox 929 698 1078 785; x_wconf 91' lang='lat' dir='ltr'><strong>deprecor</strong></span> <span class='ocrx_word' id='word_1_20' title='bbox 1098 713 1140 778; x_wconf 87' lang='lat' dir='ltr'><strong>te,</strong></span> <span class='ocrx_word' id='word_1_21' title='bbox 1156 712 1193 765; x_wconf 94' lang='lat' dir='ltr'><strong>ut</strong></span> <span class='ocrx_word' id='word_1_22' title='bbox 1206 713 1262 765; x_wconf 86' lang='lat' dir='ltr'><strong>tua</strong></span> 
     </span>
     <span class='ocr_line' id='line_1_4' title="bbox 109 795 1261 878; baseline 0.01 -21"><span class='ocrx_word' id='word_1_23' title='bbox 109 816 192 858; x_wconf 88' lang='lat' dir='ltr'><strong>mors</strong></span> <span class='ocrx_word' id='word_1_24' title='bbox 206 795 247 860; x_wconf 89' lang='lat' dir='ltr'><strong>sit</strong></span> <span class='ocrx_word' id='word_1_25' title='bbox 260 795 327 860; x_wconf 89' lang='lat' dir='ltr'><strong>vita</strong></span> <span class='ocrx_word' id='word_1_26' title='bbox 341 819 420 861; x_wconf 84' lang='lat' dir='ltr'><strong>mea.</strong></span> <span class='ocrx_word' id='word_1_27' title='bbox 466 797 602 863; x_wconf 82' lang='lat' dir='ltr'><strong>Domine</strong></span> <span class='ocrx_word' id='word_1_28' title='bbox 618 799 696 865; x_wconf 82' lang='lat' dir='ltr'><strong>Jesu</strong></span> <span class='ocrx_word' id='word_1_29' title='bbox 713 799 846 878; x_wconf 84' lang='lat' dir='ltr'><strong>Christe,</strong></span> <span class='ocrx_word' id='word_1_30' title='bbox 862 800 957 865; x_wconf 88' lang='lat' dir='ltr'><strong>adoro</strong></span> <span class='ocrx_word' id='word_1_31' title='bbox 972 813 1004 866; x_wconf 91' lang='lat' dir='ltr'><strong>te</strong></span> <span class='ocrx_word' id='word_1_32' title='bbox 1021 802 1261 868; x_wconf 65' lang='lat' dir='ltr'>descendentem</span> 
     </span>
     <span class='ocr_line' id='line_1_5' title="bbox 109 896 1262 990; baseline 0.007 -30"><span class='ocrx_word' id='word_1_33' title='bbox 109 896 149 960; x_wconf 87' lang='lat' dir='ltr'><strong>ad</strong></span> <span class='ocrx_word' id='word_1_34' title='bbox 164 897 289 978; x_wconf 88' lang='lat' dir='ltr'><strong>inferos,</strong></span> <span class='ocrx_word' id='word_1_35' title='bbox 304 898 489 964; x_wconf 80' lang='lat' dir='ltr'><strong>liberantem</strong></span> <span class='ocrx_word' id='word_1_36' title='bbox 505 902 659 989; x_wconf 89' lang='lat' dir='ltr'><strong>captivos:</strong></span> <span class='ocrx_word' id='word_1_37' title='bbox 683 903 832 988; x_wconf 91' lang='lat' dir='ltr'><strong>deprecor</strong></span> <span class='ocrx_word' id='word_1_38' title='bbox 846 914 888 979; x_wconf 86' lang='lat' dir='ltr'><strong>te,</strong></span> <span class='ocrx_word' id='word_1_39' title='bbox 904 914 940 966; x_wconf 91' lang='lat' dir='ltr'><strong>ut</strong></span> <span class='ocrx_word' id='word_1_40' title='bbox 955 925 1019 966; x_wconf 94' lang='lat' dir='ltr'><strong>non</strong></span> <span class='ocrx_word' id='word_1_41' title='bbox 1034 927 1084 967; x_wconf 91' lang='lat' dir='ltr'><strong>me</strong></span> <span class='ocrx_word' id='word_1_42' title='bbox 1100 905 1262 990; x_wconf 88' lang='lat' dir='ltr'><strong>permittas</strong></span> 
     </span>
    </p>
   </div>
   <div class='ocr_carea' id='block_1_3' title="bbox 108 997 1262 1395">
    <p class='ocr_par' dir='ltr' id='par_1_3' title="bbox 108 997 1262 1395">
     <span class='ocr_line' id='line_1_6' title="bbox 109 997 1262 1089; baseline 0.004 -26"><span class='ocrx_word' id='word_1_43' title='bbox 109 997 240 1066; x_wconf 90' lang='lat' dir='ltr'><strong>introire</strong></span> <span class='ocrx_word' id='word_1_44' title='bbox 253 1001 288 1065; x_wconf 91' lang='lat' dir='ltr'><strong>in</strong></span> <span class='ocrx_word' id='word_1_45' title='bbox 303 1002 402 1089; x_wconf 86' lang='lat' dir='ltr'><strong>poenis</strong></span> <span class='ocrx_word' id='word_1_46' title='bbox 422 1002 560 1068; x_wconf 87' lang='lat' dir='ltr'><strong>infernis.</strong></span> <span class='ocrx_word' id='word_1_47' title='bbox 605 1005 742 1070; x_wconf 83' lang='lat' dir='ltr'><strong>Domine</strong></span> <span class='ocrx_word' id='word_1_48' title='bbox 757 1005 835 1070; x_wconf 71' lang='lat' dir='ltr'><strong>‹lesu</strong></span> <span class='ocrx_word' id='word_1_49' title='bbox 852 1003 986 1082; x_wconf 85' lang='lat' dir='ltr'><strong>Christo,</strong></span> <span class='ocrx_word' id='word_1_50' title='bbox 1003 1005 1097 1070; x_wconf 83' lang='lat' dir='ltr'><strong>adoro</strong></span> <span class='ocrx_word' id='word_1_51' title='bbox 1112 1019 1143 1069; x_wconf 90' lang='lat' dir='ltr'><strong>te</strong></span> <span class='ocrx_word' id='word_1_52' title='bbox 1158 1029 1262 1070; x_wconf 88' lang='lat' dir='ltr'><strong>ascen-</strong></span> 
     </span>
     <span class='ocr_line' id='line_1_7' title="bbox 109 1101 1261 1192; baseline 0.004 -27"><span class='ocrx_word' id='word_1_53' title='bbox 109 1101 235 1166; x_wconf 88' lang='lat' dir='ltr'><strong>dentem</strong></span> <span class='ocrx_word' id='word_1_54' title='bbox 265 1104 300 1167; x_wconf 92' lang='lat' dir='ltr'><strong>in</strong></span> <span class='ocrx_word' id='word_1_55' title='bbox 330 1106 418 1184; x_wconf 89' lang='lat' dir='ltr'><strong>coelo,</strong></span> <span class='ocrx_word' id='word_1_56' title='bbox 448 1107 607 1171; x_wconf 80' lang='lat' dir='ltr'><strong>sedentem</strong></span> <span class='ocrx_word' id='word_1_57' title='bbox 637 1107 677 1172; x_wconf 92' lang='lat' dir='ltr'><strong>ad</strong></span> <span class='ocrx_word' id='word_1_58' title='bbox 703 1108 865 1171; x_wconf 89' lang='lat' dir='ltr'><strong>dexteram</strong></span> <span class='ocrx_word' id='word_1_59' title='bbox 897 1106 1013 1169; x_wconf 90' lang='lat' dir='ltr'><strong>Patris:</strong></span> <span class='ocrx_word' id='word_1_60' title='bbox 1045 1106 1193 1192; x_wconf 88' lang='lat' dir='ltr'><strong>deprecor</strong></span> <span class='ocrx_word' id='word_1_61' title='bbox 1218 1119 1261 1185; x_wconf 86' lang='lat' dir='ltr'><strong>tc,</strong></span> 
     </span>
     <span class='ocr_line' id='line_1_8' title="bbox 108 1203 1261 1293; baseline 0.001 -22"><span class='ocrx_word' id='word_1_62' title='bbox 108 1203 253 1271; x_wconf 63' lang='lat' dir='ltr'><strong>minnere</strong></span> <span class='ocrx_word' id='word_1_63' title='bbox 262 1207 334 1271; x_wconf 89' lang='lat' dir='ltr'><strong>mei.</strong></span> <span class='ocrx_word' id='word_1_64' title='bbox 367 1208 503 1273; x_wconf 86' lang='lat' dir='ltr'><strong>Domine</strong></span> <span class='ocrx_word' id='word_1_65' title='bbox 513 1209 536 1275; x_wconf 83' lang='lat' dir='ltr'>J</span> <span class='ocrx_word' id='word_1_66' title='bbox 537 1232 591 1273; x_wconf 90' lang='lat' dir='ltr'><strong>esu</strong></span> <span class='ocrx_word' id='word_1_67' title='bbox 604 1209 738 1287; x_wconf 82' lang='lat' dir='ltr'><strong>Christe,</strong></span> <span class='ocrx_word' id='word_1_68' title='bbox 750 1209 845 1272; x_wconf 93' lang='lat' dir='ltr'><strong>adoro</strong></span> <span class='ocrx_word' id='word_1_69' title='bbox 855 1221 887 1272; x_wconf 90' lang='lat' dir='ltr'><strong>te</strong></span> <span class='ocrx_word' id='word_1_70' title='bbox 898 1220 1066 1272; x_wconf 84' lang='lat' dir='ltr'><strong>venturum</strong></span> <span class='ocrx_word' id='word_1_71' title='bbox 1078 1208 1112 1270; x_wconf 93' lang='lat' dir='ltr'><strong>in</strong></span> <span class='ocrx_word' id='word_1_72' title='bbox 1123 1208 1261 1293; x_wconf 90' lang='lat' dir='ltr'><strong>judicio:</strong></span> 
     </span>
     <span class='ocr_line' id='line_1_9' title="bbox 108 1302 1262 1395; baseline 0.003 -25"><span class='ocrx_word' id='word_1_73' title='bbox 108 1302 257 1394; x_wconf 74' lang='lat' dir='ltr'><strong>deprecor</strong></span> <span class='ocrx_word' id='word_1_74' title='bbox 278 1319 321 1386; x_wconf 89' lang='lat' dir='ltr'><strong>te,</strong></span> <span class='ocrx_word' id='word_1_75' title='bbox 337 1319 375 1372; x_wconf 93' lang='lat' dir='ltr'><strong>ut</strong></span> <span class='ocrx_word' id='word_1_76' title='bbox 395 1307 429 1371; x_wconf 91' lang='lat' dir='ltr'><strong>in</strong></span> <span class='ocrx_word' id='word_1_77' title='bbox 454 1321 511 1373; x_wconf 89' lang='lat' dir='ltr'><strong>tuo</strong></span> <span class='ocrx_word' id='word_1_78' title='bbox 532 1311 671 1375; x_wconf 89' lang='lat' dir='ltr'><strong>adventu</strong></span> <span class='ocrx_word' id='word_1_79' title='bbox 686 1334 726 1374; x_wconf 93' lang='lat' dir='ltr'><strong>ne</strong></span> <span class='ocrx_word' id='word_1_80' title='bbox 750 1312 847 1375; x_wconf 90' lang='lat' dir='ltr'><strong>intras</strong></span> <span class='ocrx_word' id='word_1_81' title='bbox 866 1310 1032 1395; x_wconf 90' lang='lat' dir='ltr'><strong>injudicio</strong></span> <span class='ocrx_word' id='word_1_82' title='bbox 1057 1334 1128 1374; x_wconf 91' lang='lat' dir='ltr'><strong>cum</strong></span> <span class='ocrx_word' id='word_1_83' title='bbox 1145 1310 1262 1374; x_wconf 89' lang='lat' dir='ltr'><strong>famulo</strong></span> 
     </span>
    </p>
   </div>
   <div class='ocr_carea' id='block_1_4' title="bbox 110 1411 1261 1595">
    <p class='ocr_par' dir='ltr' id='par_1_4' title="bbox 110 1411 1261 1595">
     <span class='ocr_line' id='line_1_10' title="bbox 110 1411 1261 1501; baseline 0.006 -31"><span class='ocrx_word' id='word_1_84' title='bbox 110 1417 177 1486; x_wconf 88' lang='lat' dir='ltr'><strong>tuo,</strong></span> <span class='ocrx_word' id='word_1_85' title='bbox 192 1431 244 1472; x_wconf 90' lang='lat' dir='ltr'><strong>me</strong></span> <span class='ocrx_word' id='word_1_86' title='bbox 258 1422 430 1496; x_wconf 88' lang='lat' dir='ltr'><strong>peccatore,</strong></span> <span class='ocrx_word' id='word_1_87' title='bbox 447 1411 501 1477; x_wconf 88' lang='lat' dir='ltr'><strong>scd</strong></span> <span class='ocrx_word' id='word_1_88' title='bbox 523 1413 671 1501; x_wconf 89' lang='lat' dir='ltr'><strong>deprecor</strong></span> <span class='ocrx_word' id='word_1_89' title='bbox 685 1425 728 1491; x_wconf 92' lang='lat' dir='ltr'><strong>te,</strong></span> <span class='ocrx_word' id='word_1_90' title='bbox 744 1425 781 1477; x_wconf 91' lang='lat' dir='ltr'><strong>ut</strong></span> <span class='ocrx_word' id='word_1_91' title='bbox 796 1413 937 1478; x_wconf 86' lang='lat' dir='ltr'><strong>dimittas</strong></span> <span class='ocrx_word' id='word_1_92' title='bbox 950 1424 1077 1501; x_wconf 84' lang='lat' dir='ltr'><strong>peccata</strong></span> <span class='ocrx_word' id='word_1_93' title='bbox 1092 1437 1161 1477; x_wconf 89' lang='lat' dir='ltr'><strong>mea</strong></span> <span class='ocrx_word' id='word_1_94' title='bbox 1176 1425 1261 1477; x_wconf 88' lang='lat' dir='ltr'><strong>ante·</strong></span> 
     </span>
     <span class='ocr_line' id='line_1_11' title="bbox 111 1511 508 1595; baseline 0.013 -22"><span class='ocrx_word' id='word_1_95' title='bbox 111 1531 204 1594; x_wconf 86' lang='lat' dir='ltr'><strong>quam</strong></span> <span class='ocrx_word' id='word_1_96' title='bbox 214 1511 347 1595; x_wconf 87' lang='lat' dir='ltr'><strong>judices.</strong></span> <span class='ocrx_word' id='word_1_97' title='bbox 392 1514 508 1578; x_wconf 89' lang='lat' dir='ltr'><strong>Amen.</strong></span> 
     </span>
    </p>
   </div>
   <div class='ocr_carea' id='block_1_5' title="bbox 311 1750 1055 1820">
    <p class='ocr_par' dir='ltr' id='par_1_5' title="bbox 311 1750 1055 1820">
     <span class='ocr_line' id='line_1_12' title="bbox 311 1750 1055 1820; baseline 0.007 -5"><span class='ocrx_word' id='word_1_98' title='bbox 311 1750 371 1815; x_wconf 84' lang='lat' dir='ltr'><strong>An</strong></span> <span class='ocrx_word' id='word_1_99' title='bbox 386 1770 527 1817; x_wconf 74' lang='lat' dir='ltr'><strong>rnnnns</strong></span> <span class='ocrx_word' id='word_1_100' title='bbox 542 1769 821 1817; x_wconf 74' lang='lat' dir='ltr'><strong>nurneronrnns</strong></span> <span class='ocrx_word' id='word_1_101' title='bbox 837 1773 909 1818; x_wconf 80' lang='lat' dir='ltr'><strong>vnn</strong></span> <span class='ocrx_word' id='word_1_102' title='bbox 926 1773 1055 1820; x_wconf 74' lang='lat' dir='ltr'><strong>annos.</strong></span> 
     </span>
    </p>
   </div>
   <div class='ocr_carea' id='block_1_6' title="bbox 109 1920 1263 2626">
    <p class='ocr_par' dir='ltr' id='par_1_6' title="bbox 109 1920 1263 2626">
     <span class='ocr_line' id='line_1_13' title="bbox 154 1920 1263 2013; baseline 0.005 -27"><span class='ocrx_word' id='word_1_103' title='bbox 154 1921 249 2008; x_wconf 85' lang='lat' dir='ltr'><strong>Auge</strong></span> <span class='ocrx_word' id='word_1_104' title='bbox 278 1920 374 1987; x_wconf 92' lang='lat' dir='ltr'><strong>fidem</strong></span> <span class='ocrx_word' id='word_1_105' title='bbox 403 1923 438 1987; x_wconf 87' lang='lat' dir='ltr'><strong>in</strong></span> <span class='ocrx_word' id='word_1_106' title='bbox 467 1935 499 1988; x_wconf 90' lang='lat' dir='ltr'><strong>te</strong></span> <span class='ocrx_word' id='word_1_107' title='bbox 528 1923 723 2010; x_wconf 79' lang='lat' dir='ltr'><strong>sperantibus</strong></span> <span class='ocrx_word' id='word_1_108' title='bbox 758 1925 854 2002; x_wconf 90' lang='lat' dir='ltr'><strong>Deus,</strong></span> <span class='ocrx_word' id='word_1_109' title='bbox 886 1939 917 1991; x_wconf 91' lang='lat' dir='ltr'><strong>et</strong></span> <span class='ocrx_word' id='word_1_110' title='bbox 952 1926 1127 2013; x_wconf 88' lang='lat' dir='ltr'><strong>supplicum</strong></span> <span class='ocrx_word' id='word_1_111' title='bbox 1157 1950 1263 2013; x_wconf 89' lang='lat' dir='ltr'><strong>preces</strong></span> 
     </span>
     <span class='ocr_line' id='line_1_14' title="bbox 111 2023 1263 2112; baseline 0.001 -24"><span class='ocrx_word' id='word_1_112' title='bbox 111 2023 280 2101; x_wconf 80' lang='lat' dir='ltr'><strong>clementer</strong></span> <span class='ocrx_word' id='word_1_113' title='bbox 290 2027 420 2090; x_wconf 89' lang='lat' dir='ltr'><strong>exaudi:</strong></span> <span class='ocrx_word' id='word_1_114' title='bbox 443 2026 550 2090; x_wconf 89' lang='lat' dir='ltr'><strong>veniat</strong></span> <span class='ocrx_word' id='word_1_115' title='bbox 561 2049 684 2112; x_wconf 93' lang='lat' dir='ltr'><strong>quoque</strong></span> <span class='ocrx_word' id='word_1_116' title='bbox 695 2049 787 2111; x_wconf 90' lang='lat' dir='ltr'><strong>super</strong></span> <span class='ocrx_word' id='word_1_117' title='bbox 798 2050 855 2091; x_wconf 87' lang='lat' dir='ltr'><strong>nos</strong></span> <span class='ocrx_word' id='word_1_118' title='bbox 869 2025 1037 2111; x_wconf 80' lang='lat' dir='ltr'><strong>multiplex</strong></span> <span class='ocrx_word' id='word_1_119' title='bbox 1051 2025 1263 2090; x_wconf 82' lang='lat' dir='ltr'><strong>misericordia</strong></span> 
     </span>
     <span class='ocr_line' id='line_1_15' title="bbox 111 2127 1263 2215; baseline 0.002 -24"><span class='ocrx_word' id='word_1_120' title='bbox 111 2138 175 2206; x_wconf 87' lang='lat' dir='ltr'><strong>tua,</strong></span> <span class='ocrx_word' id='word_1_121' title='bbox 192 2151 254 2215; x_wconf 88' lang='lat' dir='ltr'><strong>qua</strong></span> <span class='ocrx_word' id='word_1_122' title='bbox 268 2128 492 2194; x_wconf 79' lang='lat' dir='ltr'><strong>benedicantur</strong></span> <span class='ocrx_word' id='word_1_123' title='bbox 514 2142 546 2193; x_wconf 90' lang='lat' dir='ltr'><strong>et</strong></span> <span class='ocrx_word' id='word_1_124' title='bbox 559 2129 595 2192; x_wconf 89' lang='lat' dir='ltr'><strong>hi</strong></span> <span class='ocrx_word' id='word_1_125' title='bbox 618 2128 764 2215; x_wconf 84' lang='lat' dir='ltr'><strong>palmites</strong></span> <span class='ocrx_word' id='word_1_126' title='bbox 789 2129 954 2206; x_wconf 88' lang='lat' dir='ltr'><strong>olivarum,</strong></span> <span class='ocrx_word' id='word_1_127' title='bbox 971 2141 1003 2192; x_wconf 92' lang='lat' dir='ltr'><strong>et</strong></span> <span class='ocrx_word' id='word_1_128' title='bbox 1017 2127 1098 2191; x_wconf 88' lang='lat' dir='ltr'><strong>siout</strong></span> <span class='ocrx_word' id='word_1_129' title='bbox 1112 2128 1146 2191; x_wconf 90' lang='lat' dir='ltr'><strong>in</strong></span> <span class='ocrx_word' id='word_1_130' title='bbox 1161 2127 1263 2215; x_wconf 88' lang='lat' dir='ltr'><strong>figura</strong></span> 
     </span>
     <span class='ocr_line' id='line_1_16' title="bbox 109 2229 1262 2317; baseline 0.001 -24"><span class='ocrx_word' id='word_1_131' title='bbox 109 2230 250 2294; x_wconf 88' lang='lat' dir='ltr'><strong>aecclesiae</strong></span> <span class='ocrx_word' id='word_1_132' title='bbox 286 2230 501 2317; x_wconf 85' lang='lat' dir='ltr'><strong>multiplicasti</strong></span> <span class='ocrx_word' id='word_1_133' title='bbox 538 2232 608 2295; x_wconf 90' lang='lat' dir='ltr'><strong>Noe</strong></span> <span class='ocrx_word' id='word_1_134' title='bbox 637 2229 851 2316; x_wconf 83' lang='lat' dir='ltr'><strong>egredientem</strong></span> <span class='ocrx_word' id='word_1_135' title='bbox 882 2230 921 2293; x_wconf 92' lang='lat' dir='ltr'><strong>de</strong></span> <span class='ocrx_word' id='word_1_136' title='bbox 951 2252 1031 2308; x_wconf 86' lang='lat' dir='ltr'><strong>arca,</strong></span> <span class='ocrx_word' id='word_1_137' title='bbox 1062 2240 1095 2292; x_wconf 91' lang='lat' dir='ltr'><strong>et</strong></span> <span class='ocrx_word' id='word_1_138' title='bbox 1130 2230 1262 2314; x_wconf 86' lang='lat' dir='ltr'><strong>Moysen</strong></span> 
     </span>
     <span class='ocr_line' id='line_1_17' title="bbox 111 2331 1263 2420; baseline 0.002 -26"><span class='ocrx_word' id='word_1_139' title='bbox 111 2344 279 2397; x_wconf 89' lang='lat' dir='ltr'><strong>exeuntem</strong></span> <span class='ocrx_word' id='word_1_140' title='bbox 297 2334 337 2398; x_wconf 90' lang='lat' dir='ltr'><strong>de</strong></span> <span class='ocrx_word' id='word_1_141' title='bbox 358 2333 502 2420; x_wconf 87' lang='lat' dir='ltr'><strong>AEgypto</strong></span> <span class='ocrx_word' id='word_1_142' title='bbox 524 2357 598 2398; x_wconf 91' lang='lat' dir='ltr'><strong>oum</strong></span> <span class='ocrx_word' id='word_1_143' title='bbox 612 2331 685 2396; x_wconf 90' lang='lat' dir='ltr'><strong>filiis</strong></span> <span class='ocrx_word' id='word_1_144' title='bbox 701 2331 806 2410; x_wconf 89' lang='lat' dir='ltr'><strong>lsrael,</strong></span> <span class='ocrx_word' id='word_1_145' title='bbox 822 2331 867 2395; x_wconf 88' lang='lat' dir='ltr'><strong>ita</strong></span> <span class='ocrx_word' id='word_1_146' title='bbox 888 2354 944 2395; x_wconf 88' lang='lat' dir='ltr'><strong>nos</strong></span> <span class='ocrx_word' id='word_1_147' title='bbox 966 2343 1124 2418; x_wconf 87' lang='lat' dir='ltr'><strong>portantes</strong></span> <span class='ocrx_word' id='word_1_148' title='bbox 1145 2332 1263 2418; x_wconf 86' lang='lat' dir='ltr'><strong>palmas</strong></span> 
     </span>
     <span class='ocr_line' id='line_1_18' title="bbox 111 2434 1262 2512; baseline 0.003 -16"><span class='ocrx_word' id='word_1_149' title='bbox 111 2446 165 2498; x_wconf 90' lang='lat' dir='ltr'><strong>aut</strong></span> <span class='ocrx_word' id='word_1_150' title='bbox 179 2456 280 2500; x_wconf 88' lang='lat' dir='ltr'><strong>ramos</strong></span> <span class='ocrx_word' id='word_1_151' title='bbox 295 2435 449 2500; x_wconf 86' lang='lat' dir='ltr'><strong>olivarum</strong></span> <span class='ocrx_word' id='word_1_152' title='bbox 464 2435 554 2500; x_wconf 89' lang='lat' dir='ltr'><strong>bonis</strong></span> <span class='ocrx_word' id='word_1_153' title='bbox 576 2435 696 2500; x_wconf 88' lang='lat' dir='ltr'><strong>actibus</strong></span> <span class='ocrx_word' id='word_1_154' title='bbox 718 2456 915 2499; x_wconf 86' lang='lat' dir='ltr'><strong>occurramus</strong></span> <span class='ocrx_word' id='word_1_155' title='bbox 929 2434 1054 2499; x_wconf 90' lang='lat' dir='ltr'><strong>obviam</strong></span> <span class='ocrx_word' id='word_1_156' title='bbox 1079 2434 1213 2512; x_wconf 82' lang='lat' dir='ltr'><strong>Christe,</strong></span> <span class='ocrx_word' id='word_1_157' title='bbox 1229 2448 1262 2500; x_wconf 89' lang='lat' dir='ltr'><strong>et</strong></span> 
     </span>
     <span class='ocr_line' id='line_1_19' title="bbox 110 2537 1098 2626; baseline 0 -25"><span class='ocrx_word' id='word_1_158' title='bbox 110 2559 166 2622; x_wconf 90' lang='lat' dir='ltr'><strong>per</strong></span> <span class='ocrx_word' id='word_1_159' title='bbox 179 2539 282 2626; x_wconf 88' lang='lat' dir='ltr'><strong>ipsum</strong></span> <span class='ocrx_word' id='word_1_160' title='bbox 296 2540 331 2603; x_wconf 90' lang='lat' dir='ltr'><strong>in</strong></span> <span class='ocrx_word' id='word_1_161' title='bbox 346 2539 499 2626; x_wconf 88' lang='lat' dir='ltr'><strong>gaudium</strong></span> <span class='ocrx_word' id='word_1_162' title='bbox 514 2539 705 2604; x_wconf 88' lang='lat' dir='ltr'><strong>introeamus</strong></span> <span class='ocrx_word' id='word_1_163' title='bbox 719 2550 869 2602; x_wconf 85' lang='lat' dir='ltr'><strong>aeternum</strong></span> <span class='ocrx_word' id='word_1_164' title='bbox 884 2561 941 2624; x_wconf 89' lang='lat' dir='ltr'><strong>per</strong></span> <span class='ocrx_word' id='word_1_165' title='bbox 954 2537 1098 2601; x_wconf 88' lang='lat' dir='ltr'><strong>eundem.</strong></span> 
     </span>
    </p>
   </div>
   <div class='ocr_carea' id='block_1_7' title="bbox 641 2779 729 2843">
    <p class='ocr_par' dir='ltr' id='par_1_7' title="bbox 641 2779 729 2843">
     <span class='ocr_line' id='line_1_20' title="bbox 641 2779 729 2843; baseline -0.011 0"><span class='ocrx_word' id='word_1_166' title='bbox 641 2779 729 2843; x_wconf 74' lang='lat' dir='ltr'><strong>Alia.</strong></span> 
     </span>
    </p>
   </div>
   <div class='ocr_carea' id='block_1_8' title="bbox 111 2946 1264 3544">
    <p class='ocr_par' dir='ltr' id='par_1_8' title="bbox 111 2946 1264 3544">
     <span class='ocr_line' id='line_1_21' title="bbox 155 2946 1263 3036; baseline -0.004 -22"><span class='ocrx_word' id='word_1_167' title='bbox 155 2949 250 3028; x_wconf 89' lang='lat' dir='ltr'><strong>Deus,</strong></span> <span class='ocrx_word' id='word_1_168' title='bbox 260 2951 315 3036; x_wconf 90' lang='lat' dir='ltr'><strong>qui</strong></span> <span class='ocrx_word' id='word_1_169' title='bbox 324 2950 459 3036; x_wconf 90' lang='lat' dir='ltr'><strong>dispersa</strong></span> <span class='ocrx_word' id='word_1_170' title='bbox 470 2973 641 3036; x_wconf 83' lang='lat' dir='ltr'><strong>congregas</strong></span> <span class='ocrx_word' id='word_1_171' title='bbox 650 2963 682 3014; x_wconf 90' lang='lat' dir='ltr'><strong>et</strong></span> <span class='ocrx_word' id='word_1_172' title='bbox 693 2959 883 3034; x_wconf 86' lang='lat' dir='ltr'><strong>congregata</strong></span> <span class='ocrx_word' id='word_1_173' title='bbox 892 2969 1063 3025; x_wconf 85' lang='lat' dir='ltr'><strong>conservas,</strong></span> <span class='ocrx_word' id='word_1_174' title='bbox 1076 2946 1131 3032; x_wconf 92' lang='lat' dir='ltr'><strong>qui</strong></span> <span class='ocrx_word' id='word_1_175' title='bbox 1140 2947 1263 3032; x_wconf 91' lang='lat' dir='ltr'><strong>populis</strong></span> 
     </span>
     <span class='ocr_line' id='line_1_22' title="bbox 112 3049 1263 3138; baseline -0.001 -23"><span class='ocrx_word' id='word_1_176' title='bbox 112 3053 236 3117; x_wconf 89' lang='lat' dir='ltr'><strong>obviam</strong></span> <span class='ocrx_word' id='word_1_177' title='bbox 252 3053 331 3119; x_wconf 81' lang='lat' dir='ltr'><strong>Jesu</strong></span> <span class='ocrx_word' id='word_1_178' title='bbox 356 3075 458 3117; x_wconf 86' lang='lat' dir='ltr'><strong>ramos</strong></span> <span class='ocrx_word' id='word_1_179' title='bbox 483 3053 680 3138; x_wconf 87' lang='lat' dir='ltr'><strong>portantibus</strong></span> <span class='ocrx_word' id='word_1_180' title='bbox 705 3051 905 3130; x_wconf 87' lang='lat' dir='ltr'><strong>benedixisti,</strong></span> <span class='ocrx_word' id='word_1_181' title='bbox 929 3049 1062 3115; x_wconf 89' lang='lat' dir='ltr'><strong>benedic</strong></span> <span class='ocrx_word' id='word_1_182' title='bbox 1087 3050 1181 3113; x_wconf 87' lang='lat' dir='ltr'><strong>etiarn</strong></span> <span class='ocrx_word' id='word_1_183' title='bbox 1205 3049 1263 3114; x_wconf 90' lang='lat' dir='ltr'><strong>hos</strong></span> 
     </span>
     <span class='ocr_line' id='line_1_23' title="bbox 111 3152 1263 3240; baseline 0.001 -25"><span class='ocrx_word' id='word_1_184' title='bbox 111 3175 212 3217; x_wconf 86' lang='lat' dir='ltr'><strong>ramos</strong></span> <span class='ocrx_word' id='word_1_185' title='bbox 234 3155 338 3240; x_wconf 87' lang='lat' dir='ltr'><strong>palme</strong></span> <span class='ocrx_word' id='word_1_186' title='bbox 359 3166 391 3218; x_wconf 89' lang='lat' dir='ltr'><strong>et</strong></span> <span class='ocrx_word' id='word_1_187' title='bbox 417 3154 510 3232; x_wconf 88' lang='lat' dir='ltr'><strong>olive,</strong></span> <span class='ocrx_word' id='word_1_188' title='bbox 527 3178 604 3239; x_wconf 90' lang='lat' dir='ltr'><strong>quos</strong></span> <span class='ocrx_word' id='word_1_189' title='bbox 629 3156 678 3219; x_wconf 91' lang='lat' dir='ltr'><strong>tui</strong></span> <span class='ocrx_word' id='word_1_190' title='bbox 700 3153 810 3218; x_wconf 86' lang='lat' dir='ltr'><strong>famuli</strong></span> <span class='ocrx_word' id='word_1_191' title='bbox 833 3152 874 3216; x_wconf 93' lang='lat' dir='ltr'><strong>ad</strong></span> <span class='ocrx_word' id='word_1_192' title='bbox 899 3152 1031 3239; x_wconf 89' lang='lat' dir='ltr'><strong>gloriam</strong></span> <span class='ocrx_word' id='word_1_193' title='bbox 1055 3153 1192 3216; x_wconf 89' lang='lat' dir='ltr'><strong>nominis</strong></span> <span class='ocrx_word' id='word_1_194' title='bbox 1214 3153 1263 3216; x_wconf 89' lang='lat' dir='ltr'><strong>tui</strong></span> 
     </span>
     <span class='ocr_line' id='line_1_24' title="bbox 111 3250 1264 3342; baseline -0.003 -24"><span class='ocrx_word' id='word_1_195' title='bbox 111 3252 245 3319; x_wconf 86' lang='lat' dir='ltr'><strong>fideliter</strong></span> <span class='ocrx_word' id='word_1_196' title='bbox 266 3256 450 3342; x_wconf 87' lang='lat' dir='ltr'><strong>suscipiunt,</strong></span> <span class='ocrx_word' id='word_1_197' title='bbox 473 3268 510 3319; x_wconf 92' lang='lat' dir='ltr'><strong>ut</strong></span> <span class='ocrx_word' id='word_1_198' title='bbox 524 3256 558 3319; x_wconf 92' lang='lat' dir='ltr'><strong>in</strong></span> <span class='ocrx_word' id='word_1_199' title='bbox 574 3279 772 3341; x_wconf 89' lang='lat' dir='ltr'><strong>quocumque</strong></span> <span class='ocrx_word' id='word_1_200' title='bbox 787 3256 856 3319; x_wconf 87' lang='lat' dir='ltr'><strong>loco</strong></span> <span class='ocrx_word' id='word_1_201' title='bbox 872 3250 989 3315; x_wconf 88' lang='lat' dir='ltr'><strong>fuerint</strong></span> <span class='ocrx_word' id='word_1_202' title='bbox 1004 3251 1186 3329; x_wconf 89' lang='lat' dir='ltr'><strong>introducti,</strong></span> <span class='ocrx_word' id='word_1_203' title='bbox 1209 3263 1264 3314; x_wconf 89' lang='lat' dir='ltr'><strong>tua</strong></span> 
     </span>
     <span class='ocr_line' id='line_1_25' title="bbox 112 3350 1263 3445; baseline -0.004 -26"><span class='ocrx_word' id='word_1_204' title='bbox 112 3355 328 3422; x_wconf 87' lang='lat' dir='ltr'><strong>benedictione</strong></span> <span class='ocrx_word' id='word_1_205' title='bbox 354 3371 571 3445; x_wconf 83' lang='lat' dir='ltr'><strong>consequatur,</strong></span> <span class='ocrx_word' id='word_1_206' title='bbox 597 3372 634 3423; x_wconf 95' lang='lat' dir='ltr'><strong>ut</strong></span> <span class='ocrx_word' id='word_1_207' title='bbox 661 3359 749 3423; x_wconf 89' lang='lat' dir='ltr'><strong>omni</strong></span> <span class='ocrx_word' id='word_1_208' title='bbox 773 3356 900 3421; x_wconf 86' lang='lat' dir='ltr'><strong>adversa</strong></span> <span class='ocrx_word' id='word_1_209' title='bbox 915 3352 1089 3416; x_wconf 88' lang='lat' dir='ltr'><strong>valitudine</strong></span> <span class='ocrx_word' id='word_1_210' title='bbox 1115 3350 1263 3438; x_wconf 69' lang='lat' dir='ltr'><strong>effirgdta,</strong></span> 
     </span>
     <span class='ocr_line' id='line_1_26' title="bbox 113 3455 832 3544; baseline 0.003 -24"><span class='ocrx_word' id='word_1_211' title='bbox 113 3455 242 3521; x_wconf 86' lang='lat' dir='ltr'><strong>dextera</strong></span> <span class='ocrx_word' id='word_1_212' title='bbox 256 3469 311 3522; x_wconf 89' lang='lat' dir='ltr'><strong>tua</strong></span> <span class='ocrx_word' id='word_1_213' title='bbox 325 3470 469 3544; x_wconf 89' lang='lat' dir='ltr'><strong>protegat</strong></span> <span class='ocrx_word' id='word_1_214' title='bbox 484 3481 561 3544; x_wconf 88' lang='lat' dir='ltr'><strong>quos</strong></span> <span class='ocrx_word' id='word_1_215' title='bbox 575 3459 717 3523; x_wconf 90' lang='lat' dir='ltr'><strong>redemit.</strong></span> <span class='ocrx_word' id='word_1_216' title='bbox 764 3459 832 3522; x_wconf 90' lang='lat' dir='ltr'><strong>Per.</strong></span> 
     </span>
    </p>
   </div>
   <div class='ocr_carea' id='block_1_9' title="bbox 645 3629 734 3693">
    <p class='ocr_par' dir='ltr' id='par_1_9' title="bbox 645 3629 734 3693">
     <span class='ocr_line' id='line_1_27' title="bbox 645 3629 734 3693; baseline -0.034 0"><span class='ocrx_word' id='word_1_217' title='bbox 645 3629 734 3693; x_wconf 82' lang='lat' dir='ltr'><strong>Alia.</strong></span> 
     </span>
    </p>
   </div>
   <div class='ocr_carea' id='block_1_10' title="bbox 109 3761 1265 4445">
    <p class='ocr_par' dir='ltr' id='par_1_10' title="bbox 109 3761 1265 4445">
     <span class='ocr_line' id='line_1_28' title="bbox 156 3761 1264 3851; baseline -0.005 -21"><span class='ocrx_word' id='word_1_218' title='bbox 156 3766 293 3830; x_wconf 90' lang='lat' dir='ltr'><strong>Domine</strong></span> <span class='ocrx_word' id='word_1_219' title='bbox 311 3764 434 3844; x_wconf 87' lang='lat' dir='ltr'><strong>Sancte,</strong></span> <span class='ocrx_word' id='word_1_220' title='bbox 458 3766 550 3830; x_wconf 85' lang='lat' dir='ltr'><strong>Pater</strong></span> <span class='ocrx_word' id='word_1_221' title='bbox 574 3765 790 3851; x_wconf 87' lang='lat' dir='ltr'><strong>Omnipotens,</strong></span> <span class='ocrx_word' id='word_1_222' title='bbox 815 3776 928 3829; x_wconf 86' lang='lat' dir='ltr'><strong>aeterne</strong></span> <span class='ocrx_word' id='word_1_223' title='bbox 953 3763 1049 3841; x_wconf 88' lang='lat' dir='ltr'><strong>Deus,</strong></span> <span class='ocrx_word' id='word_1_224' title='bbox 1070 3762 1126 3848; x_wconf 89' lang='lat' dir='ltr'><strong>qui</strong></span> <span class='ocrx_word' id='word_1_225' title='bbox 1144 3761 1264 3846; x_wconf 88' lang='lat' dir='ltr'><strong>jussisti</strong></span> 
     </span>
     <span class='ocr_line' id='line_1_29' title="bbox 112 3863 1265 3955; baseline -0.002 -25"><span class='ocrx_word' id='word_1_226' title='bbox 112 3880 285 3931; x_wconf 88' lang='lat' dir='ltr'><strong>creaturam</strong></span> <span class='ocrx_word' id='word_1_227' title='bbox 294 3880 381 3932; x_wconf 86' lang='lat' dir='ltr'><strong>tuam</strong></span> <span class='ocrx_word' id='word_1_228' title='bbox 391 3891 433 3933; x_wconf 90' lang='lat' dir='ltr'><strong>ex</strong></span> <span class='ocrx_word' id='word_1_229' title='bbox 444 3867 579 3933; x_wconf 88' lang='lat' dir='ltr'><strong>arboreis</strong></span> <span class='ocrx_word' id='word_1_230' title='bbox 588 3868 734 3955; x_wconf 86' lang='lat' dir='ltr'><strong>virgultis</strong></span> <span class='ocrx_word' id='word_1_231' title='bbox 744 3868 805 3931; x_wconf 89' lang='lat' dir='ltr'><strong>olei</strong></span> <span class='ocrx_word' id='word_1_232' title='bbox 816 3867 986 3954; x_wconf 91' lang='lat' dir='ltr'><strong>producere</strong></span> <span class='ocrx_word' id='word_1_233' title='bbox 998 3864 1038 3929; x_wconf 86' lang='lat' dir='ltr'><strong>ad</strong></span> <span class='ocrx_word' id='word_1_234' title='bbox 1049 3863 1265 3930; x_wconf 81' lang='lat' dir='ltr'><strong>concinnanda</strong></span> 
     </span>
     <span class='ocr_line' id='line_1_30' title="bbox 113 3968 1264 4057; baseline -0.001 -25"><span class='ocrx_word' id='word_1_235' title='bbox 113 3969 218 4034; x_wconf 86' lang='lat' dir='ltr'><strong>altaris</strong></span> <span class='ocrx_word' id='word_1_236' title='bbox 241 3971 418 4048; x_wconf 90' lang='lat' dir='ltr'><strong>luminaria,</strong></span> <span class='ocrx_word' id='word_1_237' title='bbox 441 3972 486 4035; x_wconf 88' lang='lat' dir='ltr'><strong>ita</strong></span> <span class='ocrx_word' id='word_1_238' title='bbox 509 3971 663 4057; x_wconf 87' lang='lat' dir='ltr'><strong>supplicos</strong></span> <span class='ocrx_word' id='word_1_239' title='bbox 686 3992 776 4056; x_wconf 88' lang='lat' dir='ltr'><strong>prece</strong></span> <span class='ocrx_word' id='word_1_240' title='bbox 803 3969 1006 4056; x_wconf 87' lang='lat' dir='ltr'><strong>deposcimus,</strong></span> <span class='ocrx_word' id='word_1_241' title='bbox 1022 3980 1059 4031; x_wconf 88' lang='lat' dir='ltr'><strong>ut</strong></span> <span class='ocrx_word' id='word_1_242' title='bbox 1080 3968 1137 4032; x_wconf 90' lang='lat' dir='ltr'><strong>hos</strong></span> <span class='ocrx_word' id='word_1_243' title='bbox 1163 3990 1264 4031; x_wconf 88' lang='lat' dir='ltr'><strong>ramos</strong></span> 
     </span>
     <span class='ocr_line' id='line_1_31' title="bbox 109 4070 1264 4158; baseline -0.003 -22"><span class='ocrx_word' id='word_1_244' title='bbox 109 4073 212 4158; x_wconf 86' lang='lat' dir='ltr'><strong>palme</strong></span> <span class='ocrx_word' id='word_1_245' title='bbox 227 4085 259 4136; x_wconf 91' lang='lat' dir='ltr'><strong>et</strong></span> <span class='ocrx_word' id='word_1_246' title='bbox 273 4073 356 4138; x_wconf 89' lang='lat' dir='ltr'><strong>olive</strong></span> <span class='ocrx_word' id='word_1_247' title='bbox 370 4073 604 4155; x_wconf 67' lang='lat' dir='ltr'><strong>beneffldicere</strong></span> <span class='ocrx_word' id='word_1_248' title='bbox 625 4084 657 4136; x_wconf 91' lang='lat' dir='ltr'><strong>et</strong></span> <span class='ocrx_word' id='word_1_249' title='bbox 676 4071 918 4155; x_wconf 61' lang='lat' dir='ltr'><strong>sanctifflficare</strong></span> <span class='ocrx_word' id='word_1_250' title='bbox 933 4070 1081 4156; x_wconf 89' lang='lat' dir='ltr'><strong>digneris,</strong></span> <span class='ocrx_word' id='word_1_251' title='bbox 1097 4082 1134 4135; x_wconf 94' lang='lat' dir='ltr'><strong>ut</strong></span> <span class='ocrx_word' id='word_1_252' title='bbox 1154 4070 1264 4133; x_wconf 87' lang='lat' dir='ltr'><strong>famuli</strong></span> 
     </span>
     <span class='ocr_line' id='line_1_32' title="bbox 109 4171 1263 4260; baseline 0 -24"><span class='ocrx_word' id='word_1_253' title='bbox 109 4175 157 4238; x_wconf 89' lang='lat' dir='ltr'><strong>tui</strong></span> <span class='ocrx_word' id='word_1_254' title='bbox 180 4175 283 4240; x_wconf 86' lang='lat' dir='ltr'><strong>cosin</strong></span> <span class='ocrx_word' id='word_1_255' title='bbox 305 4176 449 4240; x_wconf 87' lang='lat' dir='ltr'><strong>manibus</strong></span> <span class='ocrx_word' id='word_1_256' title='bbox 471 4185 627 4260; x_wconf 87' lang='lat' dir='ltr'><strong>gestantes</strong></span> <span class='ocrx_word' id='word_1_257' title='bbox 651 4173 713 4237; x_wconf 89' lang='lat' dir='ltr'><strong>sint</strong></span> <span class='ocrx_word' id='word_1_258' title='bbox 737 4172 921 4238; x_wconf 87' lang='lat' dir='ltr'><strong>sanctificati</strong></span> <span class='ocrx_word' id='word_1_259' title='bbox 945 4171 1050 4236; x_wconf 86' lang='lat' dir='ltr'><strong>anima</strong></span> <span class='ocrx_word' id='word_1_260' title='bbox 1072 4185 1104 4236; x_wconf 91' lang='lat' dir='ltr'><strong>et</strong></span> <span class='ocrx_word' id='word_1_261' title='bbox 1126 4195 1263 4257; x_wconf 87' lang='lat' dir='ltr'><strong>corpore,</strong></span> 
     </span>
     <span class='ocr_line' id='line_1_33' title="bbox 110 4275 1265 4362; baseline -0.001 -24"><span class='ocrx_word' id='word_1_262' title='bbox 110 4288 142 4339; x_wconf 87' lang='lat' dir='ltr'><strong>et</strong></span> <span class='ocrx_word' id='word_1_263' title='bbox 156 4289 211 4343; x_wconf 84' lang='lat' dir='ltr'><strong>tua</strong></span> <span class='ocrx_word' id='word_1_264' title='bbox 225 4277 446 4346; x_wconf 88' lang='lat' dir='ltr'><strong>benedictione</strong></span> <span class='ocrx_word' id='word_1_265' title='bbox 468 4277 658 4362; x_wconf 88' lang='lat' dir='ltr'><strong>repleantur,</strong></span> <span class='ocrx_word' id='word_1_266' title='bbox 675 4275 829 4340; x_wconf 89' lang='lat' dir='ltr'><strong>dicentes:</strong></span> <span class='ocrx_word' id='word_1_267' title='bbox 854 4275 1043 4340; x_wconf 91' lang='lat' dir='ltr'><strong>Benedictus</strong></span> <span class='ocrx_word' id='word_1_268' title='bbox 1059 4277 1114 4361; x_wconf 92' lang='lat' dir='ltr'><strong>qui</strong></span> <span class='ocrx_word' id='word_1_269' title='bbox 1129 4275 1216 4340; x_wconf 90' lang='lat' dir='ltr'><strong>venit</strong></span> <span class='ocrx_word' id='word_1_270' title='bbox 1231 4275 1265 4337; x_wconf 95' lang='lat' dir='ltr'><strong>in</strong></span> 
     </span>
     <span class='ocr_line' id='line_1_34' title="bbox 110 4377 758 4445; baseline 0.003 -7"><span class='ocrx_word' id='word_1_271' title='bbox 110 4380 238 4445; x_wconf 89' lang='lat' dir='ltr'><strong>nomine</strong></span> <span class='ocrx_word' id='word_1_272' title='bbox 254 4378 402 4444; x_wconf 89' lang='lat' dir='ltr'><strong>Domini:</strong></span> <span class='ocrx_word' id='word_1_273' title='bbox 428 4377 553 4441; x_wconf 88' lang='lat' dir='ltr'><strong>Osanna</strong></span> <span class='ocrx_word' id='word_1_274' title='bbox 568 4378 602 4440; x_wconf 91' lang='lat' dir='ltr'><strong>in</strong></span> <span class='ocrx_word' id='word_1_275' title='bbox 619 4377 758 4441; x_wconf 87' lang='lat' dir='ltr'><strong>excelsis.</strong></span> 
     </span>
    </p>
   </div>
   <div class='ocr_carea' id='block_1_11' title="bbox 0 0 1442 4934">
    <p class='ocr_par' dir='ltr' id='par_1_11' title="bbox 0 0 1442 4934">
     <span class='ocr_line' id='line_1_35' title="bbox 0 0 1442 4934; baseline 0 0"><span class='ocrx_word' id='word_1_276' title='bbox 0 0 1442 4934; x_wconf 95' lang='lat' dir='ltr'><strong> </strong></span> 
     </span>
    </p>
   </div>
  </div>
 </body>
</html>
