2866 4934
568 432 869 486 nnunmcr‘rouus.
1236 419 1296 480 115

143 589 268 653 Heliam
291 591 493 677 prophetam:
522 594 668 657 concede
683 594 713 657 ei
736 593 896 680 pudicitiae
921 592 1070 669 fructum,
1098 591 1296 676 antiquarum
1320 634 1321 642 κ

139 715 203 755 non
218 695 398 759 meminerit
411 696 626 781 voluptatum:
651 697 768 761 nesciat
791 697 885 760 etiam
907 696 1066 759 incentiva
1082 693 1243 771 desideria,
1260 705 1297 756 ut

139 795 196 857 soli
216 797 276 861 tibi
291 799 403 862 subdat
416 799 542 884 propria
563 800 651 878 colla,
670 825 731 886 quo
746 801 842 887 possit
861 823 918 886 pro
933 799 1089 863 laboribus
1109 798 1205 862 tantis
1227 819 1296 860 sex-

138 899 311 984 agesimum
326 926 460 987 granum
475 904 634 989 percipere
649 928 764 968 munus
779 903 961 968 delectabile
976 903 1157 966 sanctitatis.

631 1079 712 1140 Item
727 1078 801 1140 alia.

183 1211 241 1290 Da,
259 1237 433 1299 quaesumus
450 1214 657 1301 Omnipotens
682 1216 777 1294 Deus,
794 1229 831 1279 ut
850 1215 916 1278 haec
936 1214 1052 1277 famula
1071 1227 1135 1291 tua,
1153 1236 1221 1299 quae
1235 1235 1293 1298 pro

137 1337 191 1400 spe
206 1316 418 1381 retributionis
432 1319 576 1404 promissi
591 1319 729 1383 muneris
745 1342 776 1382 se
788 1318 927 1381 Domino
941 1317 1094 1381 desiderat
1109 1316 1292 1393 consecrari,

137 1417 230 1504 plena
253 1419 315 1483 fide
339 1422 506 1508 animoque
521 1434 717 1508 permaneat:
741 1422 843 1486 tribue
858 1421 887 1484 ei
909 1444 966 1508 pro
981 1420 1124 1506 operibus
1146 1417 1290 1506 gloriam,

136 1543 194 1605 pro
208 1523 327 1607 pudore
342 1525 558 1603 reverentiam,
574 1549 632 1612 pro
646 1526 799 1612 pudicitia
815 1525 1021 1603 sanctitatem,
1038 1535 1074 1587 ut
1089 1523 1129 1586 ad
1143 1522 1292 1586 meritum

135 1625 232 1708 possit
246 1627 353 1711 gloriae
367 1629 538 1712 pervenire.
586 1630 652 1691 Per.

349 1934 576 1999 BENEDICTIO
592 1953 642 1997 AD
658 1953 777 2000 OMNIA
791 1952 873 2007 QUAE
889 1952 1080 1998 VOLUERIS.

181 2137 331 2217 Benedic,
348 2140 494 2219 Domine,
520 2155 692 2204 creaturam
719 2141 821 2218 istam,
837 2153 874 2202 ut
898 2141 938 2204 sit
962 2141 1094 2204 salutare
1117 2138 1292 2203 remedium

136 2242 244 2328 generi
259 2242 409 2320 humano
426 2256 458 2307 et
479 2256 581 2329 presta
595 2235 650 2331 per
665 2242 896 2306 invocationem
912 2243 1010 2306 sancti
1029 2242 1078 2306 tui
1093 2242 1239 2319 nominis,
1256 2254 1293 2305 ut

136 2343 325 2430 quicumque
340 2369 381 2409 ex
401 2371 436 2410 ea
457 2347 632 2433 sumpserit,
649 2346 784 2432 corporis
805 2345 969 2409 sanitatem
985 2357 1016 2409 et
1034 2345 1145 2408 animae
1160 2344 1291 2407 tutelam

136 2448 295 2534 percipiat.
343 2450 410 2514 Per.

419 2671 649 2736 Bsunmorro
664 2691 713 2735 An
729 2690 868 2737 raucus
883 2690 1008 2737 Novas.

180 2859 339 2945 Regnator
363 2862 504 2924 omnium
531 2861 724 2941 saeculorum,
750 2862 896 2940 Domine,
914 2861 968 2948 qui
992 2860 1163 2947 spiritalem
1186 2860 1292 2924 cibum

137 2963 223 3026 omni
238 2963 349 3028 animae
373 2976 528 3051 oportuno
542 2966 700 3028 ministras
726 2966 759 3028 in
782 2978 932 3051 tempore,
948 2963 1080 3030 benedic
1105 2975 1193 3027 tuam
1211 2962 1294 3027 hanc

135 3080 317 3145 creaturam,
335 3081 366 3132 et
389 3069 524 3133 concede
544 3069 634 3133 nobis
649 3081 680 3132 te
695 3069 916 3156 perpetualiter
931 3067 1123 3144 benedicere,
1143 3078 1293 3152 tuamque

134 3171 307 3254 potentiam
323 3195 395 3234 cum
410 3173 524 3237 sanctis
538 3186 570 3237 et
585 3172 692 3237 electis
706 3173 769 3237 tuis
783 3165 1133 3237 fiducialiter'exaltare.
1181 3171 1249 3233 Per.

496 3480 725 3545 Baunmcrro
744 3498 932 3545 romonum.

181 3687 226 3753 Te
242 3687 445 3774 deprecamur
462 3686 668 3774 Omnipotens
684 3687 779 3764 Deus,
800 3699 838 3750 ut
861 3685 1025 3752 benedicas
1048 3683 1133 3749 hunc
1153 3684 1290 3749 fructum

136 3814 313 3877 pomorum,
341 3801 377 3853 ut
403 3787 458 3875 qui
485 3812 539 3853 esu
562 3789 737 3853 interdictae
758 3790 876 3853 arboris
895 3786 996 3851 letalis
1017 3787 1105 3873 pomi
1127 3787 1162 3849 in
1185 3799 1290 3873 proto·

136 3905 264 3978 parente
283 3893 362 3975 justi
385 3892 503 3956 funeris
525 3892 679 3956 sententia
699 3890 825 3956 multati
844 3914 959 3968 sumus,
975 3913 1032 3975 per
1051 3891 1290 3956 illustrationem

139 3995 236 4060 Unici
252 3993 328 4058 Filii
351 3995 400 4058 tui
426 3994 654 4082 Redemptoris,
672 3996 732 4060 Dei
748 4018 784 4058 ac
800 3995 930 4060 Domini
952 3994 1050 4056 nostri
1067 3993 1090 4058 J
1091 4017 1145 4056 esu
1162 3993 1290 4073 Christi,

136 4115 168 4163 et
189 4123 245 4186 per
274 4096 379 4162 Sancti
412 4097 545 4182 Spiritus
569 4096 840 4163 benedictionem:
874 4092 1032 4163 sanctifica
1058 4096 1174 4176 omnia,
1197 4107 1291 4183 atque

136 4203 268 4267 benedic
284 4201 419 4286 depulsis
434 4211 526 4284 atque
542 4201 671 4285 abjectis
686 4202 801 4266 vetusti
816 4202 914 4268 hostis
929 4211 1022 4285 atque
1037 4200 1131 4286 primi
1147 4201 1292 4266 facinoris

136 4306 303 4371 incentoris
327 4304 447 4369 insidiis
473 4303 636 4368 salubriter
660 4329 700 4368 cx
724 4306 818 4390 hujus
839 4307 902 4370 diei
924 4298 1133 4367 anniversaria
1147 4305 1290 4392 sollemp-

136 4410 234 4473 nitate
249 4409 379 4472 diversis
393 4422 481 4472 terrae
496 4406 625 4471 edendis
639 4408 833 4493 germinibus
848 4429 1014 4473 sumamus.
1061 4406 1130 4470 Per.

701 4525 714 4568 1
730 4512 749 4568 2
