2866 4934
159 383 218 444 122
499 400 743 447 ronrraronnn
758 399 977 446 noenaanrr.

157 575 248 616 conus
270 556 408 639 sequitur
430 578 498 618 cum
524 555 665 641 ampulla
680 556 792 619 babens
819 555 919 618 oleum
939 552 1155 627 euoccizatum,
1171 560 1318 636 arpenteo

157 658 279 721 omtitus
295 658 397 744 pallio
416 658 506 744 fusco
532 681 702 744 eapansum
727 682 825 743 supra
847 658 1008 721 lunarum
1026 654 1187 716 sinistrum
1213 677 1317 731 suum,

159 762 293 824 ascendit
316 764 359 825 orl
378 763 566 848 pontificem.
620 763 666 826 Et
691 762 744 825 ille
764 762 865 825 oleum
890 763 1025 846 sunaus,
1051 759 1190 820 oratione
1217 779 1317 820 come·

158 864 314 942 erationis,
330 865 416 928 nullo
432 868 639 951 respondente,
655 866 805 928 submissa
822 867 913 949 quasi
928 865 1019 927 tacita
1033 862 1131 947 mapis
1147 883 1217 924 uoce
1233 862 1317 924 bene·

158 966 267 1030 daem.
312 969 515 1032 Euorcismus
531 969 590 1032 olei
604 970 722 1054 incipit.

206 1069 303 1149 Deus,
328 1071 383 1156 qui
407 1070 525 1135 virtute
552 1072 657 1135 Sancti
685 1071 818 1157 Spiritus
845 1071 893 1134 tui
919 1069 1135 1135 inbecillamm
1159 1069 1316 1133 mentium

160 1171 338 1236 rudimenta
359 1170 531 1236 confirmas.
578 1174 623 1238 Te
639 1199 772 1252 oramus,
790 1176 938 1253 Domine,
954 1186 991 1237 ut
1008 1173 1149 1237 venturis
1164 1173 1206 1236 ad
1220 1174 1317 1236 beatae

160 1272 402 1358 regenerationis
431 1272 590 1335 lavacrum
622 1276 737 1340 tribuas
767 1300 822 1362 per
846 1277 1027 1340 unctionem
1054 1274 1144 1337 istius
1169 1287 1317 1338 creaturae

159 1375 379 1461 purgationem
411 1374 526 1438 mentis
555 1387 588 1438 et
617 1379 762 1466 corporis,
787 1392 824 1443 ut
853 1381 879 1444 si
903 1405 964 1467 que
993 1379 1054 1443 illis
1083 1379 1317 1444 adversantium

161 1479 328 1565 spirituum
358 1479 498 1542 inhesere
528 1480 667 1565 reliquiae
697 1482 737 1544 ad
767 1495 885 1546 tactum
919 1481 1102 1547 sanctificati
1132 1482 1195 1546 olei
1225 1481 1318 1566 hujus

160 1582 337 1659 abscedant,
354 1581 458 1644 nullus
480 1580 670 1666 spiritalibus
685 1583 833 1669 nequitiis
856 1586 953 1664 locus,
968 1585 1055 1647 nulla
1076 1584 1196 1671 refingis
1220 1584 1318 1647 virtu·

161 1685 202 1748 tis
232 1685 272 1747 sit
295 1684 434 1761 facultas,
459 1683 547 1747 nulla
568 1683 787 1749 insidiantibus
809 1689 899 1751 malis
921 1688 1038 1751 latendi
1067 1686 1195 1751 licentia
1226 1689 1320 1751 relin-

163 1802 287 1874 quatur,
303 1789 356 1853 sed
372 1787 569 1852 venientibus
593 1788 634 1851 ad
657 1787 752 1853 fidem
779 1791 875 1855 servis
898 1792 971 1866 tuis,
993 1803 1025 1855 et
1050 1791 1157 1855 Sancti
1185 1792 1320 1877 Spiritus

164 1892 212 1956 tui
234 1891 413 1978 operatione
436 1892 623 1956 mundandis
639 1892 678 1955 sit
700 1893 857 1956 unctionis
880 1893 974 1978 hujus
988 1893 1163 1979 preparatio
1178 1894 1266 1956 utilis
1281 1894 1320 1957 ad

164 1994 307 2073 salutem,
324 2017 417 2080 quam
438 1992 533 2056 etiam
549 1993 680 2056 coelestis
703 1995 947 2079 regenerationis
972 1994 1137 2058 nativitate
1161 1994 1196 2056 in
1223 2018 1320 2058 sacra·

164 2111 272 2160 mento
287 2110 360 2160 sunt
374 2095 568 2182 baptismatis
582 2096 735 2182 adepturi.
783 2097 841 2161 Per
857 2098 1031 2162 Dominum
1049 2109 1191 2160 nostrum
1208 2098 1319 2162 desum

168 2203 328 2269 Christum
344 2202 464 2266 Filium
480 2214 583 2280 tuum,
600 2199 653 2287 qui
669 2212 829 2263 venturus.

208 2307 319 2373 Finita
341 2308 478 2372 oratione
501 2305 742 2382 consecrationis,
760 2305 798 2366 al
814 2305 947 2367 accolitis
970 2306 1013 2367 ad
1032 2303 1234 2367 salutandum
1244 2328 1320 2390 pro·

161 2413 325 2499 ploratur,
342 2424 370 2477 et
392 2413 425 2475 in
444 2411 603 2475 secretaria
624 2419 774 2494 ponatur.
822 2406 1069 2471 Communicante
1085 2407 1163 2471 clero
1179 2410 1321 2494 omnique

162 2517 292 2602 populo,
317 2517 392 2579 dicit
410 2513 552 2601 pontifex
577 2512 716 2575 omuibus
742 2513 1042 2589 communicantibus,
1069 2510 1205 2598 Accepit
1230 2513 1321 2577 lesus

166 2642 288 2706 panem.
321 2618 460 2684 Oramus.
491 2617 588 2681 Dicta
602 2616 749 2691 oratione,
762 2617 922 2700 respondet
936 2616 1033 2679 omnis
1044 2616 1189 2701 populus,
1204 2616 1320 2681 Amen.

170 2810 377 2874 ORATIONES
406 2825 449 2871 ΕΤ
480 2823 615 2870 Paucas
647 2823 761 2868 SUPER
791 2822 1029 2868 ΡΕΝῙΤΕΝΤΕΜ
1060 2823 1321 2870 CONFITENTEM

255 2930 417 2977 PECCATA
448 2929 515 2974 SUA
545 2926 645 2972 MORE
677 2925 804 2970 SOLITO
830 2925 943 2970 FERIA
974 2927 1044 2970 1111.
1071 2927 1187 2972 INFRA
1216 2927 1321 2982 QUIN·

256 3029 503 3084 QUAGESIMAM.

214 3163 350 3240 Exaudi,
376 3162 523 3238 Domine,
550 3184 656 3246 preces
685 3173 814 3239 nostras,
846 3176 878 3226 et
904 3163 962 3228 tibi
987 3161 1207 3227 confitentium
1231 3188 1323 3251 parce

167 3260 312 3350 pcccatis,
343 3272 380 3324 ut
409 3283 485 3345 quos
514 3259 709 3325 conscientiae
738 3275 841 3328 reatus
870 3278 1002 3344 accusat,
1033 3266 1232 3354 indulgentia
1262 3280 1324 3331 tuae

169 3361 374 3429 miserationis
389 3363 537 3428 absolvat.
584 3363 651 3426 Per.

704 3516 792 3580 Alia.

213 3652 379 3717 Preveniat
392 3652 478 3716 hunc
489 3651 641 3716 famulum
653 3662 755 3729 tuum,
766 3675 939 3738 quaesumus
955 3652 1102 3733 Domine,
1113 3656 1326 3721 misericordia

98 3840 101 3847 .
168 3768 232 3835 tua,
248 3767 286 3819 ut
301 3777 408 3819 omnes
422 3755 603 3840 iniquitates
618 3754 685 3838 ejus
699 3755 792 3818 celeri
807 3755 1005 3841 indulgentia
1020 3755 1193 3823 deleantur.
1241 3761 1310 3824 Per.

700 3927 789 3991 Alia.

213 4066 344 4143 Adesto,
362 4063 507 4141 Domino,
519 4064 795 4150 supplicationibus
810 4065 931 4143 nostrie,
948 4088 1006 4127 nec
1021 4063 1061 4126 sit
1076 4066 1115 4129 ab
1131 4067 1192 4132 hoc
1207 4068 1326 4134 famulo

170 4181 225 4232 tuo
255 4166 427 4232 clementiae
450 4179 511 4229 tuac
534 4166 707 4252 longinqua
737 4166 907 4230 miseratio:
932 4189 1004 4230 sana
1030 4167 1171 4248 vulnera,
1197 4173 1327 4257 ejusque

170 4271 294 4333 remitte
309 4281 444 4354 peccata,
461 4281 497 4331 ut
512 4268 606 4332 nullis
621 4293 639 4333 a
653 4281 685 4332 te
699 4269 917 4354 iniquitatibus
931 4280 1097 4354 separatus,
1111 4273 1170 4335 tibi
1187 4273 1327 4338 Domino

171 4392 292 4454 semper
307 4369 408 4431 valeat
424 4368 579 4432 adherere.
626 4369 694 4432 Per.
