2866 4934
484 376 726 424 roxrlmcnut
741 376 966 429 scultenam
970 416 978 429 .

286 611 456 679 Deminien
470 619 559 704 nriij.
571 630 643 704 poet
656 619 859 685 Pentecosten.
906 622 1127 693 Benedictio.

178 728 384 815 Omnipotens
401 734 487 799 Deus
501 737 637 801 dextere
651 760 713 801 sun
726 749 879 824 perpetuo
895 764 959 805 vos
978 745 1180 814 circumdet
1193 750 1302 826 auxilio,

132 844 164 895 et
178 832 434 899 benedictionum
450 862 575 903 suarum
591 840 708 927 repleat
727 839 818 904 dono.
863 840 994 909 Amen.

176 937 230 1001 Ab
245 938 332 1000 omni
348 963 403 1003 vos
423 944 578 1026 pravitate
593 943 750 1020 defendat,
765 956 796 1007 et
819 942 914 1009 donis
930 949 1134 1018 coelestibus
1149 957 1303 1021 exuberare

132 1040 291 1104 concedat.
338 1044 453 1107 Amen.

177 1145 247 1225 Quo
262 1170 389 1234 corpore
404 1150 549 1213 mundati
564 1174 601 1214 ae
615 1162 731 1227 mente,
746 1148 840 1212 talem
856 1150 887 1213 ei
903 1153 1105 1224 exhibeatis
1120 1163 1303 1240 servitutem,
1384 1198 1387 1205 ·

131 1274 187 1337 per
201 1275 295 1336 quam
311 1275 397 1315 sunm
414 1254 562 1339 consequi
577 1253 705 1317 valeatis
718 1252 995 1339 propitiationem.

178 1355 268 1434 Quod
285 1355 358 1440 ipse.
405 1355 521 1420 Amen.

177 1458 368 1521 Benedictio.
414 1460 530 1521 Amen.

317 1630 486 1694 Dorninicn
500 1634 567 1695 cic.
578 1644 651 1718 poet
666 1632 866 1696 Pentecosten.
912 1633 1124 1707 Benedictio.

176 1757 323 1823 l’urificet
349 1757 556 1845 Omnipotens
583 1760 668 1823 Deus
693 1770 865 1823 vestrorum
893 1763 1050 1829 cordium
1078 1771 1234 1852 archana,
1255 1773 1303 1860 qui

131 1862 357 1927 benedictionis
372 1886 433 1924 sune
448 1863 537 1926 vobis
551 1862 663 1926 tribuit
677 1862 877 1925 incrementa.
923 1864 1052 1933 Amen.

176 1966 229 2028 Ab
259 1964 405 2028 omnibus
432 1964 496 2027 rite
526 1965 677 2051 presentis
702 1965 848 2051 periculis
872 1969 1059 2051 exuamini,
1084 1987 1121 2039 et
1149 1978 1303 2043 trinutum

131 2066 318 2154 spiritalium
335 2067 525 2129 ornamentis
540 2067 726 2130 induamini.
771 2067 885 2130 Amen.

176 2176 246 2252 <tuo
262 2170 347 2233 illius
361 2169 518 2253 adjutorio
530 2170 612 2247 sulti,
625 2170 669 2233 sie
680 2170 709 2233 ei
721 2169 859 2234 serviatis
873 2169 907 2232 in
921 2173 1031 2253 terris,
1045 2190 1089 2242 ut
1104 2181 1139 2244 ei
1154 2184 1306 2271 conjungi

132 2275 261 2339 valeatis
276 2275 310 2336 in
325 2273 420 2337 emlis.

177 2378 268 2456 Quod
284 2377 358 2461 ipse.
405 2376 519 2438 Amen.
566 2375 760 2439 Benedictio.
805 2375 920 2439 Amen.

319 2549 486 2611 Dominicc
501 2570 553 2609 ec.
565 2558 638 2632 poet
652 2547 852 2612 Pentecosten.
897 2549 1098 2619 Benedictio.

176 2688 382 2775 Omnipotens
409 2687 494 2750 Deus
518 2683 663 2747 universo
687 2707 705 2746 a
729 2683 818 2747 vobis
841 2682 970 2746 adversa
994 2689 1172 2774 excludat,
1189 2707 1225 2761 et
1247 2720 1305 2761 suae

130 2816 222 2879 super
237 2816 292 2856 vos
307 2788 534 2856 benedictionis
550 2786 632 2849 dona
647 2785 833 2872 propitiatus
849 2785 1005 2850 infundat.
1055 2792 1186 2862 Amen,

175 2895 277 2959 Corda
292 2908 393 2957 vestra
408 2892 523 2955 officiat
537 2888 629 2953 sacris
644 2888 765 2952 intenta
780 2888 940 2966 doctrinis,
956 2912 1020 2974 quo
1036 2896 1174 2978 possitis
1189 2902 1305 2989 repleri

129 2996 288 3059 benelieiis
304 2994 507 3080 sempiternis.
553 2992 669 3055 Amen.

174 3097 327 3176 (tustinus
342 3109 373 3159 et
388 3096 584 3181 exsequenda
599 3095 826 3181 intellegentes,
843 3108 874 3160 et
892 3095 1055 3162 inteBecta
1070 3121 1302 3192 exsequentes,

130 3206 161 3259 et
191 3195 272 3259 inter
301 3196 429 3259 adversa
458 3198 570 3261 mundi
599 3198 807 3262 inveniamini
836 3198 1032 3284 indempnes,
1062 3213 1098 3266 et
1130 3207 1302 3275 beatorum

130 3297 296 3383 spirituum
312 3299 490 3362 elliciomini
507 3299 682 3363 coheredes.
728 3300 843 3363 Amen.

176 3401 267 3480 (tried
282 3401 356 3487 ipsc.
403 3402 518 3464 Amen.
565 3400 757 3464 Benedictio.
803 3401 919 3466 Amen.

313 3576 483 3638 Dominicc
497 3574 562 3658 ωαῄ.
575 3584 649 3657 post
662 3572 864 3638 Pentecosten.
909 3574 1101 3641 Benedictio.

174 3707 380 3793 Omnipotens
403 3709 489 3771 Deus
514 3705 580 3768 dies
604 3716 721 3768 vestros
744 3705 778 3766 in
804 3726 859 3765 sua
884 3728 960 3790 pace
983 3703 1148 3791 disponat,
1177 3728 1214 3779 et
1238 3739 1301 3781 suae

129 3811 216 3874 vobis
230 3811 459 3875 benedictionis
474 3810 556 3873 dona
572 3807 730 3870 concedat.
776 3807 891 3869 Amen.

172 3913 225 3976 Ab
241 3913 387 3976 omnibus
401 3936 457 3976 vos
474 3908 760 3998 perturbationibus
783 3909 904 3986 liberet,
921 3921 953 3972 et
975 3920 1099 3975 mentes
1114 3930 1243 3986 vestras
1265 3923 1300 3987 in

128 4032 188 4074 sure
203 4014 287 4098 pacis
302 4014 529 4099 tranquillitate
545 4009 725 4075 consolidet.
771 4011 888 4074 Amen.

173 4115 331 4188 Quatenus
358 4116 423 4199 spei
443 4114 518 4176 fidei
545 4125 577 4174 et
603 4110 739 4174 caritatis
765 4113 898 4198 gemmis
920 4113 1032 4190 ornati,
1048 4128 1082 4179 et
1108 4142 1300 4205 presentem

128 4208 225 4271 vitum
241 4216 403 4277 transeatis
418 4214 519 4290 inlesi,
535 4211 622 4276 etad
637 4222 782 4274 aeternam
798 4215 986 4298 perveniatis
1001 4221 1113 4283 securi.

174 4311 265 4383 ltuod
281 4312 354 4393 ipse.
400 4314 516 4376 Amen.
563 4309 756 4375 Benedictio.
803 4314 917 4378 Amen.
