2866 4934
467 345 711 394 rossumcntn
727 343 945 393 aceessum.

561 589 618 652 Ad
632 587 851 674 complendum.

176 706 321 796 Corporis
339 705 417 771 sacri
431 718 464 772 et
477 707 613 794 praetiosi
628 706 790 794 sanguinis
803 703 915 793 repleti
932 703 1097 770 libamine
1114 728 1300 793 quaesumus,

132 811 270 877 Domine
285 809 371 875 Deus
386 822 501 888 noster,
524 822 560 874 ut
575 810 683 897 gratiae
697 821 759 874 tuae
774 831 898 885 munus,
926 806 1015 893 quod
1031 808 1133 873 nobis
1149 808 1300 872 inmeritis

132 912 303 992 contulisti,
323 911 535 978 intercedente
554 913 646 977 beato
667 913 729 992 Ill,
753 911 908 1000 propitius
925 910 1112 976 muniendo
1138 911 1299 977 custodias.

135 1018 204 1084 Per.

407 1220 518 1286 Mrssa
533 1238 573 1284 ω
589 1237 837 1286 oanraarrous
853 1218 1023 1283 Dmconr.

179 1428 234 1495 Ad
251 1448 358 1515 preces
377 1435 497 1489 nostras
512 1448 697 1512 qnaesumus,
717 1423 865 1503 Domine,
888 1422 1081 1511 propitiatus
1097 1425 1246 1505 intende,
1271 1439 1300 1491 et

134 1530 239 1597 levitae
253 1529 316 1593 tuis
331 1527 422 1593 sacris
434 1527 581 1592 altaribus
592 1528 729 1592 serviens
743 1527 805 1613 (vel
820 1524 1013 1612 servientes),
1026 1539 1061 1592 et
1076 1527 1158 1594 fidei
1170 1530 1300 1595 veritate

137 1632 285 1711 fundatis,
301 1644 333 1699 et
348 1643 453 1696 mente
468 1631 509 1697 sit
523 1632 655 1719 spiritali
670 1631 863 1718 conspicuus.

601 1805 703 1891 Super
717 1804 828 1868 oblata.

185 1941 323 2029 Suseipe,
344 1961 518 2028 quaesumus
540 1939 687 2018 Domine,
705 1938 821 2004 hostias
834 1938 938 2003 levitae
952 1936 1000 2002 tui
1016 1937 1060 2016 N,
1077 1938 1200 2024 quibus
1214 1964 1299 2005 men·

138 2043 219 2109 tium
240 2042 435 2130 integritates
459 2055 525 2121 tuo,
548 2040 709 2120 Domine,
723 2053 924 2119 consecratas,
940 2053 972 2105 et
987 2041 1121 2106 terrenis
1144 2044 1301 2131 contagiis

140 2145 271 2238 expiari,
288 2157 320 2212 et
334 2145 508 2211 coelestibus
522 2145 683 2211 contulisti
697 2144 905 2232 propinquare
920 2155 1086 2207 consortes.
1134 2144 1209 2211 Per.

185 2249 301 2329 Presta,
324 2271 500 2336 quesumus
523 2248 670 2325 Domine,
695 2261 732 2311 ut
751 2261 862 2313 nostrae
884 2247 1075 2334 gaudeamus
1096 2250 1301 2334 perfeetionis

140 2364 321 2441 augmento,
337 2351 423 2416 etde
439 2373 578 2436 congruo
596 2349 788 2415 Sacramenti
805 2349 960 2415 Paschalis
975 2350 1134 2435 obsequio.
1187 2352 1259 2418 Per.

143 2659 285 2726 Iuorrrr
301 2676 412 2724 narro
428 2675 613 2732 ouatrras
628 2673 751 2722 nonus
767 2657 837 2722 Da1
854 2674 1137 2724 consacraneus
1152 2676 1232 2740 sss,
1257 2678 1300 2725 ar

185 2781 235 2826 an
264 2778 514 2827 uuurraunun
538 2777 693 2838 rorate,
721 2778 769 2824 ur
794 2778 847 2825 1131
873 2777 1100 2838 oocuaaanr,
1128 2778 1207 2834 oua
1234 2781 1300 2827 ms

186 2881 380 2929 nrrsoorus
396 2881 436 2926 rn
452 2880 653 2927 annonem
669 2880 741 2928 noc
758 2882 901 2929 saonen
917 2881 1113 2930 retusam.

187 3065 390 3133 Dilectissimi
413 3065 531 3146 fratres,
547 3069 629 3134 inter
658 3082 760 3135 cetera
786 3070 941 3135 virtutum
956 3069 1139 3158 sollempnia
1162 3094 1233 3157 quae
1259 3075 1301 3139 sd

143 3169 275 3258 gloriam
290 3168 449 3257 pertinent
465 3170 582 3236 Christi
598 3171 728 3237 Domini
743 3174 851 3253 nostri,
863 3172 924 3238 hoe
938 3197 1062 3261 quoque
1077 3173 1139 3238 suis
1153 3176 1302 3261 prestitit

143 3269 255 3335 sanctis
270 3268 425 3348 omnibus,
441 3270 496 3359 qui
513 3273 721 3359 pronominis
736 3275 802 3359 ejus
812 3276 1014 3354 confessione,
1029 3287 1129 3340 morte
1144 3291 1300 3365 suscepta,

143 3373 278 3439 coelestia
303 3373 430 3463 praemia
458 3388 650 3454 meruerunt,
677 3389 713 3441 ut
738 3377 881 3443 fidelium
910 3378 993 3443 votis
1014 3401 1122 3444 eorum
1144 3381 1301 3466 praeclaris

143 3478 282 3568 reliquiis
308 3478 476 3544 conlocatis
499 3479 663 3567 integritas
686 3481 786 3545 saneti
812 3481 948 3569 corporis
968 3505 1033 3547 esse
1057 3480 1209 3546 credatur.
1257 3484 1302 3549 Et

143 3581 214 3649 ideo
238 3606 473 3648 commonemus
496 3583 698 3648 dilectionem
720 3595 864 3662 vestram,
888 3583 1037 3670 quoniam
1062 3584 1117 3647 illa
1134 3583 1222 3664 feria,
1248 3587 1302 3650 vel

143 3685 198 3751 illo
213 3687 293 3765 1000,
309 3684 445 3751 ecelesia
459 3697 506 3750 est
520 3685 565 3750 ibi
580 3684 762 3762 dedicanda,
779 3698 811 3750 et
825 3686 964 3772 reliquiae
985 3686 1069 3750 illius
1094 3687 1194 3751 sancti
1217 3711 1301 3752 mar·

144 3788 212 3855 tiris
226 3789 290 3877 (cel
310 3788 436 3853 illorum
460 3800 638 3854 sanctorum
660 3786 842 3874 martirum)
857 3789 1055 3869 collocandae,
1071 3812 1249 3876 quesumus
1265 3803 1304 3856 ut

144 3906 278 3958 vestram
293 3889 492 3979 presentiam,
510 3891 600 3957 nobis
615 3891 879 3969 ammonentibus,
896 3915 932 3955 ea
947 3891 1079 3956 dienen
1093 3892 1225 3979 negetis.

186 3996 267 4060 Inde
292 4016 362 4060 vero
382 3995 489 4080 pridie
513 4017 607 4080 quam
631 4005 817 4059 consecretur
843 3995 984 4073 oecokat'a,
1004 3997 1203 4081 possidendo
1227 4010 1303 4063 aaut

146 4094 282 4182 reliquias
305 4097 345 4160 ab
369 4097 516 4182 episeopo,
538 4107 566 4160 et
584 4097 736 4181 ponende
758 4098 791 4160 in
816 4097 873 4162 tali
893 4097 966 4174 loeo,
981 4109 1017 4161 at
1036 4109 1099 4160 toto
1124 4111 1208 4164 nocte
1232 4123 1305 4165 oum

147 4191 265 4277 tymari
275 4208 302 4260 et
315 4198 456 4261 leudibus
467 4207 557 4282 atque
570 4196 773 4260 luminaribus
784 4200 846 4262 sint
860 4220 953 4284 rapae
964 4221 1024 4284 quo
1035 4200 1143 4266 eeiadc
1154 4202 1303 4282 koondoe,

148 4304 176 4355 ct
190 4298 232 4358 ad
247 4295 345 4359 laeum
359 4297 412 4359 abi
426 4299 587 4361 condendos
603 4305 675 4360 sunt
689 4297 887 4362 deducantur.
