2866 4934
390 410 638 459 corsuonsmo
654 411 819 458 vmcnus
834 413 906 458 vnn
922 413 1056 459 rmum
1236 399 1297 459 113

509 655 591 717 Item
606 655 790 717 consecratio
806 654 911 717 crucis.

183 771 332 849 Benedic,
360 772 507 850 Domine,
535 772 618 836 hane
644 784 818 836 creaturam
842 785 929 837 tuam
956 797 1012 859 per
1033 797 1126 860 quam
1154 775 1297 862 eripuisti

137 876 292 939 mundum
309 889 494 962 apotestate
509 877 692 954 demonum,
708 889 740 940 et
759 876 909 963 superasti
933 877 1074 962 passione
1095 892 1148 941 tua
1169 902 1296 965 sugges·

137 1003 237 1044 sorem
259 980 390 1068 peccati,
407 981 462 1067 qui
477 981 635 1067 gaudebat
650 981 684 1044 in
704 980 950 1067 prevaricatione
972 981 1068 1067 primi
1089 981 1227 1047 hominis
1241 1006 1298 1068 per

137 1083 261 1170 lignum
285 1084 436 1162 vetitum;
460 1083 629 1162 sanctifica,
659 1084 807 1161 Domine,
837 1084 1034 1170 signaculum
1059 1084 1210 1170 passionis
1236 1097 1297 1148 tuae

135 1186 231 1264 istud,
244 1200 281 1252 ut
295 1188 335 1252 sit
350 1188 487 1253 inimicis
497 1189 559 1252 tuis
569 1188 776 1265 obstaculum,
788 1199 820 1251 et
834 1188 1033 1252 credentibus
1048 1188 1082 1250 in
1098 1199 1129 1251 te
1145 1188 1298 1252 efficiatur

136 1291 300 1355 vexillum.
347 1292 415 1355 Per.

484 1462 677 1529 Consecnetio
693 1464 790 1528 crucis
804 1465 950 1550 sequitur.

182 1599 341 1683 Rogamus
361 1612 402 1676 te,
420 1599 568 1676 Domine,
585 1611 689 1663 sancte
712 1599 815 1677 Pater,
834 1599 1042 1686 Omnipotens
1062 1611 1176 1663 aeterne
1198 1599 1294 1677 Deus,

136 1720 174 1770 ut
189 1707 328 1792 digneris
350 1708 535 1771 benedicere
557 1706 618 1770 hoc
644 1707 769 1794 lignum
785 1710 884 1772 crucis
908 1721 980 1789 tuae,
997 1722 1033 1773 ut
1057 1709 1097 1774 sit
1120 1709 1295 1795 remedium

137 1811 270 1875 salutare
300 1811 409 1896 generi
443 1811 593 1888 humano,
619 1811 660 1874 sit
689 1810 828 1875 soliditas
860 1811 946 1891 fidei,
977 1812 1134 1899 profectus
1165 1837 1294 1898 operum

137 1915 303 1992 bonorum,
325 1914 500 2000 redemptio
522 1912 709 1992 animarum,
726 1915 879 2000 protectio
906 1939 942 1980 ac
968 1917 1066 1980 tutela
1093 1928 1201 1979 eontra
1225 1939 1297 1981 seva

134 2017 241 2101 jacula
256 2017 468 2081 inimicorum.
515 2017 583 2080 Per.

309 2277 411 2341 Oano
426 2295 475 2341 An
492 2293 816 2340 snncrrnonrannu
832 2293 1133 2340 sensurounuan.

184 2450 434 2515 Senctintonielis
458 2450 555 2536 nispe,
572 2473 640 2512 eum
662 2453 705 2513 ed
728 2451 980 2513 consecrationem
1002 2451 1052 2512 sui
1072 2450 1205 2536 episcopi
1226 2471 1293 2513 con-

131 2555 248 2640 fertur,
265 2555 298 2617 in
324 2553 435 2616 talibus
459 2554 587 2617 vecutus
614 2554 797 2640 applicetur,
821 2554 963 2640 qualibus
989 2576 1107 2640 semper
1132 2577 1229 2617 usura
1252 2566 1295 2617 est

132 2657 323 2743 professione
346 2657 564 2720 sanctimoniae.
608 2656 793 2720 Prosternet
820 2679 851 2720 se
877 2667 947 2720 ente
976 2656 1087 2734 altene,
1119 2667 1147 2720 ct
1168 2656 1295 2743 faciunt

140 2759 306 2823 letaniam.

235 2933 412 2996 Benedictio
428 2933 554 2996 vestium
566 2932 694 3017 cirpinis
710 2932 757 2996 cel
770 2935 879 3010 oiduce,
893 2934 935 2996 ed
949 2933 1199 2996 coeneeretionem

572 3037 701 3122 oiepinis
717 3048 746 3100 et
760 3039 867 3101 oiduee.

185 3173 280 3252 Deus,
297 3174 352 3259 qui
367 3174 591 3238 vestimentum
607 3175 750 3254 salutare,
767 3188 800 3240 et
813 3175 1036 3240 indumentum
1051 3187 1164 3238 aeterne
1182 3175 1297 3258 jocun-

141 3278 248 3342 ditatis
261 3278 325 3341 tuis
340 3276 484 3340 fidelibus
506 3277 686 3362 promisisti,
703 3279 901 3343 clementiam
925 3290 1013 3343 tuam
1037 3278 1219 3365 suppliciter
1243 3302 1297 3342 ex·

141 3404 275 3458 oramus,
298 3392 335 3443 ut
357 3381 424 3442 haec
448 3379 634 3443 indumenta
659 3381 871 3445 humilitatem
899 3381 1000 3445 cordis
1025 3393 1057 3445 et
1082 3392 1297 3466 contemptum

141 3483 254 3547 mundi
278 3481 497 3567 significantia,
515 3480 628 3566 quibus
652 3482 769 3545 famula
794 3494 850 3545 tua
878 3483 927 3545 Ill.
943 3494 1048 3546 sancto
1063 3481 1230 3544 visibiliter
1252 3495 1298 3546 est

141 3585 339 3649 informanda
368 3583 536 3670 proposit0‚
568 3583 722 3670 propitius
755 3584 930 3663 benedicas,
962 3596 994 3647 et
1023 3586 1119 3648 beatae
1149 3585 1299 3648 castitatis

142 3690 297 3768 habitum,
314 3711 408 3774 quem
430 3700 462 3752 te
483 3685 656 3774 inspirante
676 3687 854 3774 susceperit,
871 3699 903 3750 te
926 3695 1111 3772 protegente
1135 3686 1299 3748 custodiat.

145 3793 212 3857 Per.

636 3939 715 4007 Item
731 3944 804 4006 elie.

189 4075 283 4152 Deus,
294 4073 447 4138 bonarum
457 4073 614 4137 virtutum
626 4073 726 4154 dator,
737 4087 769 4139 et
780 4072 923 4138 omnium
932 4068 1188 4136 benedictionum
1200 4070 1305 4158 largus

145 4180 274 4256 infusor,
291 4176 408 4242 exaudi
427 4201 534 4265 preces
556 4188 687 4257 nostras,
704 4191 736 4243 et
757 4178 840 4242 hanc
854 4187 985 4253 vestem,
1002 4196 1096 4261 quam
1113 4173 1229 4237 famula
1252 4188 1307 4239 tua

145 4283 194 4346 Ill.
219 4307 276 4368 pro
297 4281 517 4346 conservandae
538 4279 689 4346 castitatis
715 4283 806 4370 signo
833 4304 864 4363 se
890 4277 1132 4366 adoperiendam
1156 4281 1308 4365 exposcit,

151 4385 384 4469 bencffldicere
399 4397 431 4448 et
446 4381 640 4448 sanctificare
655 4384 803 4472 digneris.
851 4384 919 4447 Per.

731 4512 746 4555 1
