2866 4934
421 408 706 456 nucoucmrarro
723 411 979 457 rmmranruu.
1210 399 1271 457 123

650 650 739 715 Alie.

161 786 297 849 Domine
321 785 406 849 Deus
429 796 544 862 noster,
560 784 615 870 qui
639 785 810 849 offensione
835 799 940 850 nostra
963 809 1027 850 non
1049 787 1193 866 vinceris,
1218 790 1272 853 sed

117 889 323 953 satisfactione
352 888 492 976 placaris,
519 888 646 973 respice,
672 912 856 974 quaesumus,
882 913 974 975 super
1002 889 1088 954 hunc
1117 891 1271 955 famulum

117 1007 218 1071 tuum,
235 994 290 1079 qui
314 1016 345 1056 se
369 992 427 1056 tibi
449 1014 588 1078 peccasse
612 991 750 1076 graviter
770 991 946 1056 confitetur.
993 993 1097 1056 Tuum
1117 1007 1163 1057 est
1183 995 1270 1059 ablu·

116 1097 234 1160 tionem
250 1096 417 1160 criminum
433 1095 516 1171 dare,
527 1105 558 1156 et
570 1093 695 1157 veniam
710 1107 846 1180 prestare
860 1097 1072 1180 peccantibus,
1085 1097 1139 1181 qui
1150 1097 1269 1178 dixisti,

115 1199 332 1285 poenitentiam
347 1210 379 1262 te
393 1197 486 1261 malle
497 1208 708 1282 peccatorum,
725 1221 819 1281 quam
835 1210 977 1262 mortem.
1024 1198 1167 1263 Concede
1183 1224 1268 1286 ergo,

117 1302 264 1380 Domine,
280 1314 317 1365 ut
340 1300 399 1364 tibi
422 1298 613 1386 poenitentiae
628 1299 776 1363 excubias
791 1301 925 1364 celebret
946 1314 977 1364 et
993 1301 1136 1364 correctis
1151 1302 1270 1366 actibus

116 1405 178 1468 suis
192 1405 324 1469 conferri
339 1405 398 1469 sibi
412 1428 430 1467 a
447 1416 477 1467 te
492 1401 680 1488 sempiterna
695 1403 810 1489 gaudia
825 1405 1009 1490 gratuletur.
1056 1405 1123 1468 Per.

372 1617 479 1680 Oratio
495 1619 538 1679 ed
551 1617 811 1680 reconciliandum
820 1619 1016 1703 penitentem.

475 1772 571 1836 Ferie
585 1796 612 1834 e.
628 1773 662 1834 in
678 1794 750 1834 ceno
764 1772 906 1835 Domini.

158 1942 287 2021 Adest0,
317 1943 463 2022 Domine,
494 1943 773 2030 supplicationibus
798 1943 920 2023 nostrie,
946 1956 978 2008 et
1004 1969 1065 2023 me,
1093 1946 1147 2032 qui
1173 1947 1268 2010 etiam

112 2047 322 2112 misericordia
337 2060 392 2112 tua
410 2048 531 2134 primus
553 2048 693 2134 indige0,
717 2047 887 2111 clementer
902 2048 1027 2126 exaudi,
1043 2062 1081 2112 ut
1095 2072 1187 2135 quem
1203 2073 1267 2113 non

114 2150 263 2213 electione
288 2149 404 2228 meriti,
430 2151 483 2214 sed
506 2151 589 2214 douo
615 2150 722 2235 gratiae
748 2161 810 2212 tuae
834 2150 1023 2213 constituisti
1049 2152 1149 2237 operis
1175 2152 1269 2236 hujus

113 2251 302 2329 ministrum,
319 2251 358 2314 da
374 2250 519 2316 fiduciam
537 2265 590 2315 tue
606 2252 743 2315 muneris
759 2253 960 2339 exsequendi,
978 2266 1009 2316 et
1023 2253 1088 2339 ipse
1108 2254 1142 2315 in
1163 2265 1268 2316 nostro

112 2353 285 2418 ministerio
301 2355 386 2440 quod
400 2367 461 2418 tuae
476 2355 600 2440 pietatis
616 2366 662 2417 est
677 2378 810 2440 operare.
859 2355 927 2417 Per.

648 2570 735 2635 Alta.

158 2744 274 2819 Plasta,
291 2766 464 2828 quaesumus
476 2743 623 2821 Domine,
635 2742 711 2805 huie
726 2741 843 2805 famulo
858 2755 913 2806 tuo
930 2741 1061 2829 dignum
1077 2743 1269 2829 poenitentiae

113 2846 262 2923 fructum,
285 2856 322 2907 ut
345 2845 504 2909 AEcclesiae
527 2857 588 2908 tuae
610 2856 731 2922 sanctae,
754 2868 771 2907 a
792 2846 880 2929 cujus
895 2844 1075 2930 integritate
1090 2845 1269 2911 deviaverat

113 2948 281 3035 peccand0,
306 2947 508 3012 admissorum
538 2948 686 3010 reddatur
712 2947 861 3010 innoxius
887 2947 1012 3010 veniam
1042 2949 1268 3033 consequendo

117 3053 184 3116 Per.
1154 3038 1157 3044 .

159 3155 254 3232 Deus,
264 3153 395 3216 humani
407 3153 530 3240 generis
544 3152 768 3241 benignissime
780 3152 933 3232 conditor,
944 3165 976 3217 et
986 3152 1270 3220 misericordissime

115 3258 307 3333 reformator,
333 3255 387 3341 qui
411 3255 572 3319 hominem
595 3255 715 3318 invidia
731 3255 846 3320 diaboli
863 3257 900 3318 ab
916 3256 1086 3320 aeternitate
1102 3257 1269 3342 dejectum,

116 3360 202 3423 unici
227 3359 303 3422 Filii
325 3358 373 3423 tui
398 3358 548 3444 sanguine
570 3356 739 3435 redemisti,
755 3356 881 3420 vivifica
905 3358 990 3421 hunc
1009 3359 1162 3422 famulum
1179 3374 1269 3426 tuum

117 3487 209 3548 quem
232 3463 410 3525 nullatenus
432 3461 512 3523 mori
535 3461 697 3536 desideraS,
715 3472 746 3522 et
761 3461 815 3546 qui
830 3484 894 3523 non
919 3448 1107 3545 derelinquis
1131 3463 1271 3543 devium,

118 3566 244 3629 adsume
260 3577 441 3628 correctum.
488 3563 637 3626 Moveant
652 3560 801 3647 pietatem
817 3574 915 3638 tuam,
932 3586 1106 3646 quaesumus
1122 3565 1270 3645 Domine,

117 3667 211 3752 hujus
226 3665 335 3730 famuli
349 3665 397 3729 tui
412 3664 573 3728 lacrimosa
588 3663 731 3748 suspiria:
755 3676 792 3727 tu
806 3664 872 3748 ejus
888 3665 1012 3726 medere
1026 3665 1218 3744 vulneribus,
1235 3683 1271 3733 tu

114 3769 232 3853 jacenti
243 3787 370 3832 manum
380 3768 504 3854 porrige
516 3768 664 3831 salvator:
688 3789 728 3829 ne
738 3767 891 3831 AEcclesia
900 3778 954 3830 tua
966 3767 1069 3852 aliqua
1079 3769 1126 3831 sui
1136 3773 1272 3856 corporis

117 3874 260 3958 portione
284 3883 431 3948 vastetur,
458 3894 516 3933 nec
542 3893 621 3955 grex
645 3881 717 3931 tuus
739 3870 962 3933 detrimentum
987 3870 1146 3949 sustineat,
1170 3896 1210 3936 ne
1233 3875 1271 3939 de

119 3975 244 4037 familiae
266 3988 327 4037 tuae
349 3975 463 4036 damno
488 3972 634 4035 inimicus
650 3972 780 4050 exultet,
796 3996 836 4035 ne
851 3984 995 4035 renatum
1010 3973 1132 4036 lavacro
1147 3976 1272 4041 salutari

120 4100 202 4141 mors
216 4077 351 4140 secunda
365 4074 527 4160 possideat.
576 4073 648 4136 Tibi
663 4095 749 4159 ergo,
764 4074 910 4150 Domine,
927 4076 1080 4160 supplices
1094 4099 1199 4161 preces
1214 4080 1274 4144 tibi

120 4177 291 4264 fletumque
306 4176 407 4240 cordis
422 4174 623 4250 effundimus,
645 4186 680 4236 tu
704 4197 795 4259 parce
810 4174 1041 4254 confitentibus,
1057 4190 1094 4239 ut
1108 4177 1151 4240 sic
1167 4179 1199 4241 in
1215 4180 1274 4245 hac

120 4280 309 4344 mortalitate
323 4289 448 4363 peccata
464 4301 528 4355 sua,
544 4289 575 4341 te
591 4277 771 4360 adjuvante,
788 4276 911 4352 defleat,
923 4278 1055 4361 qualiter
1070 4278 1104 4340 in
1120 4284 1274 4346 tremendi

117 4381 235 4471 judicii¹
246 4381 297 4444 die
313 4377 497 4441 sententiam
514 4378 722 4442 damnationis
742 4391 854 4441 aeterne
874 4378 996 4457 evadat,
1013 4395 1045 4444 et
1060 4383 1176 4446 neseiat
1191 4386 1276 4469 quod
