2866 4934
142 370 201 428 132
481 385 724 430 rourrrrclan
741 384 959 431 nconnunrr.

172 623 403 688 Bnraorcrro
418 641 570 688 nunnus
586 641 626 709 nr
642 643 929 690 rumrrearroun
949 626 1099 690 Sanora
1116 626 1260 690 Marum

183 761 318 824 Domine
337 760 459 838 Sancte,
478 760 569 824 Pater
586 760 802 847 Omnipotens,
818 774 930 825 aeterne
947 763 1043 840 Deus,
1059 763 1241 827 benedicere
1260 776 1291 827 et

138 864 328 928 sanctificare
338 865 476 951 digneris
490 865 585 927 istum
601 864 708 950 ignem
717 887 810 949 quem
822 888 878 926 nos
890 864 1015 950 indigni
1030 865 1225 950 suscipimus,
1236 890 1291 952 per

138 968 368 1032 invocationem
386 967 555 1054 Unigeniti
579 967 654 1029 Filii
673 966 804 1029 Domini
826 966 924 1028 nostri
945 967 968 1030 J
970 989 1022 1029 esu
1040 967 1166 1045 Christi,
1184 993 1288 1054 quem,

138 1068 232 1132 hodie
253 1069 419 1155 intemplo
439 1080 660 1154 presentatum,
678 1069 796 1151 justum
825 1068 1012 1153 Symeonem
1036 1070 1090 1132 diu
1110 1083 1289 1155 exspectan-

136 1184 202 1235 tem
226 1172 260 1234 in
280 1173 370 1236 ulnas
389 1172 554 1258 suscepisse
579 1172 735 1248 novimus,
757 1182 788 1233 et
812 1172 942 1235 salutare
967 1184 1057 1234 tuum
1083 1185 1155 1236 ante
1178 1173 1288 1236 faciem

138 1276 279 1339 omnium
309 1276 496 1361 populorum
523 1297 597 1352 esse,
632 1274 739 1336 lumen
781 1273 898 1336 scilicet
925 1274 1070 1359 gentibus
1099 1287 1131 1337 et
1157 1274 1288 1360 gloriam

136 1379 237 1465 plebis
265 1391 326 1443 tuae
357 1379 462 1455 lsrael,
486 1376 669 1464 prophetico
693 1376 804 1461 spiritu
829 1376 971 1439 docuisti.
1032 1377 1087 1456 Te,
1114 1401 1288 1462 quaesumus

138 1481 285 1559 Domine,
295 1482 477 1546 benedicere
492 1480 630 1567 digneris
644 1480 751 1542 lumen
766 1478 860 1556 istud,
871 1490 903 1541 et
918 1479 1061 1542 omnibus
1075 1479 1135 1543 hoc
1145 1480 1289 1543 manibus

137 1584 330 1669 gestantibus
359 1583 438 1647 illud
462 1607 571 1646 verum
597 1583 704 1645 lumen
732 1592 792 1643 tuae
818 1581 985 1664 majestatis
1015 1581 1159 1658 concede,
1190 1594 1226 1644 ut
1256 1593 1287 1643 te

137 1697 339 1771 agnoscentes
360 1708 416 1771 per
441 1685 525 1749 viam
545 1685 699 1749 virtutum
719 1683 758 1746 ad
781 1695 813 1747 te
833 1686 958 1747 valeant
979 1685 1153 1770 pervenire,
1176 1685 1231 1770 qui
1253 1685 1287 1746 in

139 1787 293 1852 Trinitate
307 1788 444 1874 perfecta
455 1788 598 1874 gloriaris
611 1811 667 1874 per
682 1786 787 1850 omnia
803 1787 919 1850 saecula.

397 1960 626 2023 Baunnrorro
642 1977 747 2023 raris
762 1977 811 2020 an
827 1975 1024 2022 rurrunuu.

173 2096 330 2181 Deu5,qui
338 2119 464 2160 revocas
474 2107 620 2173 errantes,
628 2106 660 2159 et
669 2095 767 2158 salvas
778 2095 1136 2179 poenitentes,medelam
1145 2096 1285 2159 tribuens

136 2196 376 2277 infirmantibus,
392 2212 424 2263 ct
445 2199 551 2286 gloriae
566 2221 711 2262 eoronam
727 2198 761 2260 in
776 2197 866 2261 bonis
881 2198 1158 2282 perseverantibus,
1175 2199 1228 2283 qui
1245 2222 1286 2260 ex

135 2300 273 2385 quinque
298 2302 431 2387 panibus
457 2313 489 2365 ct
518 2300 639 2364 duobus
667 2299 803 2384 piscibus
826 2301 963 2385 quinque
992 2300 1091 2363 millia
1120 2299 1285 2362 hominum

135 2404 251 2466 satiasti
275 2405 309 2466 in
335 2416 389 2467 tua
408 2401 619 2467 misericordia
634 2415 804 2487 sperantes;
828 2403 1011 2468 benedicere
1035 2414 1066 2465 et
1092 2402 1284 2466 sanctificare

135 2504 273 2590 digneris
298 2505 384 2569 hunc
409 2528 533 2590 panem,
557 2516 594 2567 ut
619 2504 808 2590 quicumque
833 2529 874 2568 ex
900 2529 936 2568 eo
961 2505 1125 2591 sumpserit
1149 2507 1285 2592 corporis

133 2607 296 2671 sanitatem
312 2620 343 2672 et
357 2608 461 2672 anime
476 2608 606 2672 tutelam
621 2608 780 2694 percipiat.
827 2607 886 2670 Per
901 2619 932 2670 te
945 2607 968 2671 J
968 2630 1055 2670 esum
1071 2607 1240 2671 Christum.

221 2780 449 2846 Bannmcrro
464 2798 567 2846 casm
583 2799 629 2843 ΕΤ
644 2798 782 2844 BUTYRI
798 2798 844 2842 BT
860 2797 972 2844 OMNIS
986 2798 1186 2844 PULMENTI.

178 2920 273 2998 Deus,
295 2921 349 3006 qui
373 2920 472 2984 fecisti
496 2932 528 2983 et
550 2919 663 2985 creasti
691 2917 812 2982 cunctis
837 2917 1017 2981 viventibus
1039 2930 1100 2981 tuac
1129 2918 1283 3004 largitatis

132 3023 322 3100 alimoniam,
352 3023 589 3107 humanumque
623 3044 723 3108 genus
756 3020 946 3106 spiritalibus
980 3018 1055 3081 escis
1085 3041 1120 3080 ac
1160 3018 1282 3103 poculis

132 3136 259 3187 tuorum
289 3137 516 3209 preceptorum,
547 3125 738 3208 terrenisque
768 3122 947 3186 substantiis
970 3133 1097 3184 tuorum
1128 3121 1281 3184 donorum

131 3225 341 3289 indesinenter
355 3224 470 3289 reficis:
493 3238 524 3289 te
542 3225 798 3312 Omnipotentem
815 3226 925 3290 desum
947 3224 1062 3287 obnixe
1082 3224 1228 3309 petimus,
1246 3237 1282 3287 ut

132 3328 198 3392 haec
221 3340 275 3390 tua
299 3327 391 3405 dona,
416 3339 451 3390 tu
475 3329 541 3414 ipse
565 3329 620 3414 qui
644 3352 712 3392 eam
735 3328 855 3404 creasti,
881 3339 912 3390 et
937 3326 1027 3390 nobis
1053 3325 1175 3389 donasti
1200 3326 1281 3389 hanc

130 3443 302 3497 creaturam
327 3431 368 3496 N.
384 3431 548 3509 formatici,
569 3431 634 3495 sive
659 3431 740 3494 casei
759 3431 810 3495 vel
833 3428 951 3514 butyri,
967 3429 1032 3491 sive
1059 3427 1098 3490 sit
1122 3428 1206 3512 quod
1229 3428 1279 3505 sit,

130 3551 280 3623 perpetua
301 3535 439 3621 preclara
460 3535 655 3623 benignitate
677 3533 870 3598 sanctificare
893 3544 924 3595 et
946 3529 1180 3610 beneffldicere
1211 3531 1280 3616 dig·

129 3641 222 3717 neris,
238 3639 493 3724 vescentibusque
516 3662 557 3702 ex
576 3661 612 3701 ea
638 3639 757 3723 largam
783 3649 844 3700 tuae
865 3633 1091 3700 benedictionis
1115 3633 1279 3696 sanitatem

128 3741 162 3804 in
176 3742 345 3805 visceribus
354 3765 461 3804 eorum
471 3742 639 3805 clementer
647 3741 784 3817 conloca,
797 3752 829 3803 et
838 3737 987 3825 presentis
1002 3736 1074 3798 vitae
1088 3735 1277 3821 sospitatem,

128 3856 160 3907 et
174 3844 279 3908 future
293 3843 519 3908 beatitudinem
535 3842 776 3906 misericorditer
790 3841 931 3927 indulge.
977 3839 1045 3902 Per.

467 4081 525 4144 An
540 4098 689 4146 seorsus
704 4096 938 4143 nauanrorro.

173 4254 257 4316 Deus
273 4253 445 4331 Abraham,
462 4254 548 4316 Deus
567 4253 662 4331 lsaac,
681 4253 765 4316 Deus
789 4251 900 4327 Jacob,
916 4249 1047 4314 benedic
1066 4248 1277 4313 adolescentes

128 4354 211 4431 istos,
234 4366 264 4416 et
283 4355 398 4418 semina
419 4379 524 4420 semen
546 4355 618 4418 vitae
639 4367 751 4418 aeterne
773 4355 806 4416 in
825 4353 981 4417 mentibus
1003 4373 1119 4427 eorum,
1136 4364 1172 4414 ut
1191 4353 1277 4436 quic·
