<?xml version="1.0" encoding="UTF-8"?>
<!DOCTYPE html PUBLIC "-//W3C//DTD XHTML 1.0 Transitional//EN"
    "http://www.w3.org/TR/xhtml1/DTD/xhtml1-transitional.dtd">
<html xmlns="http://www.w3.org/1999/xhtml" xml:lang="en" lang="en">
 <head>
  <title>
</title>
<meta http-equiv="Content-Type" content="text/html;charset=utf-8" />
  <meta name='ocr-system' content='tesseract 3.04.00' />
  <meta name='ocr-capabilities' content='ocr_page ocr_carea ocr_par ocr_line ocrx_word'/>
</head>
<body>
  <div class='ocr_page' id='page_1' title='image "./pontificalegber00churgoog_0131.png"; bbox 0 0 2866 4934; ppageno 0'>
   <div class='ocr_carea' id='block_1_1' title="bbox 444 353 934 402">
    <p class='ocr_par' dir='ltr' id='par_1_1' title="bbox 444 353 934 402">
     <span class='ocr_line' id='line_1_1' title="bbox 444 353 934 402; baseline -0.002 -1"><span class='ocrx_word' id='word_1_1' title='bbox 444 354 688 402; x_wconf 67' lang='lat' dir='ltr'><strong>nonnul-&#39;lustu</strong></span> <span class='ocrx_word' id='word_1_2' title='bbox 703 353 934 401; x_wconf 77' lang='lat' dir='ltr'><strong>ECGBBRHTI.</strong></span> 
     </span>
    </p>
   </div>
   <div class='ocr_carea' id='block_1_2' title="bbox 254 570 1139 662">
    <p class='ocr_par' dir='ltr' id='par_1_2' title="bbox 254 570 1139 662">
     <span class='ocr_line' id='line_1_2' title="bbox 254 570 1139 662; baseline 0.01 -31"><span class='ocrx_word' id='word_1_3' title='bbox 254 570 431 637; x_wconf 76' lang='lat' dir='ltr'><em>Benedictio</em></span> <span class='ocrx_word' id='word_1_4' title='bbox 447 576 628 662; x_wconf 76' lang='lat' dir='ltr'><strong>episcopalis</strong></span> <span class='ocrx_word' id='word_1_5' title='bbox 643 576 675 638; x_wconf 87' lang='lat' dir='ltr'><strong>in</strong></span> <span class='ocrx_word' id='word_1_6' title='bbox 690 575 890 640; x_wconf 64' lang='lat' dir='ltr'><strong>ordinatiore</strong></span> <span class='ocrx_word' id='word_1_7' title='bbox 906 576 1139 642; x_wconf 76' lang='lat' dir='ltr'><strong>Diacont&#39;saoe.</strong></span> 
     </span>
    </p>
   </div>
   <div class='ocr_carea' id='block_1_3' title="bbox 102 706 1282 1619">
    <p class='ocr_par' dir='ltr' id='par_1_3' title="bbox 102 706 1282 1001">
     <span class='ocr_line' id='line_1_3' title="bbox 148 706 1280 801; baseline 0.004 -31"><span class='ocrx_word' id='word_1_8' title='bbox 148 706 354 792; x_wconf 78' lang='lat' dir='ltr'>Omnipotens</span> <span class='ocrx_word' id='word_1_9' title='bbox 384 711 468 775; x_wconf 76' lang='lat' dir='ltr'><strong>lleus</strong></span> <span class='ocrx_word' id='word_1_10' title='bbox 492 712 755 777; x_wconf 79' lang='lat' dir='ltr'><strong>intercedentibus</strong></span> <span class='ocrx_word' id='word_1_11' title='bbox 781 712 903 776; x_wconf 86' lang='lat' dir='ltr'><strong>sanctis</strong></span> <span class='ocrx_word' id='word_1_12' title='bbox 926 713 1133 801; x_wconf 83' lang='lat' dir='ltr'><strong>virginibus</strong></span> <span class='ocrx_word' id='word_1_13' title='bbox 1159 714 1221 777; x_wconf 90' lang='lat' dir='ltr'><strong>suis</strong></span> <span class='ocrx_word' id='word_1_14' title='bbox 1238 734 1280 774; x_wconf 82' lang='lat' dir='ltr'><strong>vos</strong></span> 
     </span>
     <span class='ocr_line' id='line_1_4' title="bbox 102 809 1282 903; baseline 0.003 -31"><span class='ocrx_word' id='word_1_15' title='bbox 102 809 252 895; x_wconf 82' lang='lat' dir='ltr'><strong>dignetur</strong></span> <span class='ocrx_word' id='word_1_16' title='bbox 267 811 461 891; x_wconf 81' lang='lat' dir='ltr'><strong>benedicere,</strong></span> <span class='ocrx_word' id='word_1_17' title='bbox 474 816 529 901; x_wconf 90' lang='lat' dir='ltr'><strong>qui</strong></span> <span class='ocrx_word' id='word_1_18' title='bbox 545 817 584 881; x_wconf 92' lang='lat' dir='ltr'><strong>de</strong></span> <span class='ocrx_word' id='word_1_19' title='bbox 600 816 727 901; x_wconf 88' lang='lat' dir='ltr'><strong>antiquo</strong></span> <span class='ocrx_word' id='word_1_20' title='bbox 741 813 832 878; x_wconf 87' lang='lat' dir='ltr'><strong>hoste</strong></span> <span class='ocrx_word' id='word_1_21' title='bbox 842 814 945 879; x_wconf 88' lang='lat' dir='ltr'><strong>etiam</strong></span> <span class='ocrx_word' id='word_1_22' title='bbox 957 840 1026 903; x_wconf 89' lang='lat' dir='ltr'><strong>per</strong></span> <span class='ocrx_word' id='word_1_23' title='bbox 1043 817 1187 882; x_wconf 88' lang='lat' dir='ltr'><strong>feminas</strong></span> <span class='ocrx_word' id='word_1_24' title='bbox 1197 814 1282 880; x_wconf 83' lang='lat' dir='ltr'><strong>voluit</strong></span> 
     </span>
     <span class='ocr_line' id='line_1_5' title="bbox 102 913 465 1001; baseline 0.014 -26"><span class='ocrx_word' id='word_1_25' title='bbox 102 913 304 1001; x_wconf 82' lang='lat' dir='ltr'><strong>triumphare.</strong></span> <span class='ocrx_word' id='word_1_26' title='bbox 351 918 465 980; x_wconf 76' lang='lat' dir='ltr'><strong>Amen.</strong></span> 
     </span>
    </p>

    <p class='ocr_par' dir='ltr' id='par_1_4' title="bbox 103 1016 1281 1314">
     <span class='ocr_line' id='line_1_6' title="bbox 150 1016 1280 1110; baseline 0.004 -32"><span class='ocrx_word' id='word_1_27' title='bbox 150 1016 191 1079; x_wconf 88' lang='lat' dir='ltr'><strong>Et</strong></span> <span class='ocrx_word' id='word_1_28' title='bbox 214 1017 269 1102; x_wconf 85' lang='lat' dir='ltr'><strong>qui</strong></span> <span class='ocrx_word' id='word_1_29' title='bbox 293 1017 354 1079; x_wconf 89' lang='lat' dir='ltr'><strong>illis</strong></span> <span class='ocrx_word' id='word_1_30' title='bbox 374 1020 476 1082; x_wconf 85' lang='lat' dir='ltr'><strong>voluit</strong></span> <span class='ocrx_word' id='word_1_31' title='bbox 497 1020 657 1083; x_wconf 83' lang='lat' dir='ltr'><strong>centesimi</strong></span> <span class='ocrx_word' id='word_1_32' title='bbox 674 1019 821 1095; x_wconf 87' lang='lat' dir='ltr'><strong>fructum,</strong></span> <span class='ocrx_word' id='word_1_33' title='bbox 838 1018 1072 1108; x_wconf 80' lang='lat' dir='ltr'><strong>decoremque</strong></span> <span class='ocrx_word' id='word_1_34' title='bbox 1088 1020 1280 1110; x_wconf 79' lang='lat' dir='ltr'><strong>virginitatis,</strong></span> 
     </span>
     <span class='ocr_line' id='line_1_7' title="bbox 104 1121 1281 1214; baseline 0.002 -32"><span class='ocrx_word' id='word_1_35' title='bbox 104 1133 136 1182; x_wconf 90' lang='lat' dir='ltr'><strong>et</strong></span> <span class='ocrx_word' id='word_1_36' title='bbox 151 1144 285 1207; x_wconf 87' lang='lat' dir='ltr'><strong>agonem</strong></span> <span class='ocrx_word' id='word_1_37' title='bbox 300 1124 444 1208; x_wconf 85' lang='lat' dir='ltr'><strong>martyrii</strong></span> <span class='ocrx_word' id='word_1_38' title='bbox 459 1124 608 1201; x_wconf 79' lang='lat' dir='ltr'><strong>conferre,</strong></span> <span class='ocrx_word' id='word_1_39' title='bbox 625 1146 680 1187; x_wconf 92' lang='lat' dir='ltr'><strong>vos</strong></span> <span class='ocrx_word' id='word_1_40' title='bbox 695 1121 845 1208; x_wconf 79' lang='lat' dir='ltr'><strong>dignetur</strong></span> <span class='ocrx_word' id='word_1_41' title='bbox 860 1134 894 1185; x_wconf 89' lang='lat' dir='ltr'><strong>et</strong></span> <span class='ocrx_word' id='word_1_42' title='bbox 907 1123 1081 1189; x_wconf 88' lang='lat' dir='ltr'><strong>vitiorum</strong></span> <span class='ocrx_word' id='word_1_43' title='bbox 1098 1125 1281 1214; x_wconf 82' lang='lat' dir='ltr'><strong>squaloribus</strong></span> 
     </span>
     <span class='ocr_line' id='line_1_8' title="bbox 103 1226 1079 1314; baseline 0.007 -29"><span class='ocrx_word' id='word_1_44' title='bbox 103 1246 289 1312; x_wconf 85' lang='lat' dir='ltr'><strong>expurgare,</strong></span> <span class='ocrx_word' id='word_1_45' title='bbox 306 1237 337 1287; x_wconf 90' lang='lat' dir='ltr'><strong>ct</strong></span> <span class='ocrx_word' id='word_1_46' title='bbox 352 1226 507 1289; x_wconf 86' lang='lat' dir='ltr'><strong>virtutum</strong></span> <span class='ocrx_word' id='word_1_47' title='bbox 522 1226 716 1314; x_wconf 82' lang='lat' dir='ltr'><strong>lampadibus</strong></span> <span class='ocrx_word' id='word_1_48' title='bbox 730 1247 893 1289; x_wconf 84' lang='lat' dir='ltr'><strong>exornare.</strong></span> <span class='ocrx_word' id='word_1_49' title='bbox 945 1226 1079 1293; x_wconf 89' lang='lat' dir='ltr'><strong>Amen.</strong></span> 
     </span>
    </p>

    <p class='ocr_par' dir='ltr' id='par_1_5' title="bbox 105 1327 1278 1520">
     <span class='ocr_line' id='line_1_9' title="bbox 149 1327 1278 1419; baseline 0.003 -28"><span class='ocrx_word' id='word_1_50' title='bbox 149 1329 308 1407; x_wconf 80' lang='lat' dir='ltr'><strong>Quatenus</strong></span> <span class='ocrx_word' id='word_1_51' title='bbox 317 1327 471 1392; x_wconf 87' lang='lat' dir='ltr'><strong>virtutum</strong></span> <span class='ocrx_word' id='word_1_52' title='bbox 482 1331 550 1393; x_wconf 89' lang='lat' dir='ltr'><strong>oleo</strong></span> <span class='ocrx_word' id='word_1_53' title='bbox 562 1330 606 1393; x_wconf 88' lang='lat' dir='ltr'><strong>ita</strong></span> <span class='ocrx_word' id='word_1_54' title='bbox 616 1341 813 1416; x_wconf 87' lang='lat' dir='ltr'><strong>peccatorum</strong></span> <span class='ocrx_word' id='word_1_55' title='bbox 829 1327 1003 1414; x_wconf 86' lang='lat' dir='ltr'><strong>lampades</strong></span> <span class='ocrx_word' id='word_1_56' title='bbox 1020 1333 1156 1418; x_wconf 88' lang='lat' dir='ltr'><strong>possint</strong></span> <span class='ocrx_word' id='word_1_57' title='bbox 1170 1330 1278 1419; x_wconf 84' lang='lat' dir='ltr'><strong>repleri,</strong></span> 
     </span>
     <span class='ocr_line' id='line_1_10' title="bbox 105 1430 1056 1520; baseline 0.006 -27"><span class='ocrx_word' id='word_1_58' title='bbox 105 1444 141 1493; x_wconf 94' lang='lat' dir='ltr'><strong>ut</strong></span> <span class='ocrx_word' id='word_1_59' title='bbox 156 1454 228 1493; x_wconf 87' lang='lat' dir='ltr'><strong>cum</strong></span> <span class='ocrx_word' id='word_1_60' title='bbox 245 1432 288 1494; x_wconf 89' lang='lat' dir='ltr'><strong>eis</strong></span> <span class='ocrx_word' id='word_1_61' title='bbox 303 1431 434 1495; x_wconf 86' lang='lat' dir='ltr'><strong>coelestis</strong></span> <span class='ocrx_word' id='word_1_62' title='bbox 450 1433 553 1520; x_wconf 87' lang='lat' dir='ltr'><strong>sponsi</strong></span> <span class='ocrx_word' id='word_1_63' title='bbox 568 1432 741 1496; x_wconf 80' lang='lat' dir='ltr'><strong>thalamum</strong></span> <span class='ocrx_word' id='word_1_64' title='bbox 756 1430 887 1494; x_wconf 86' lang='lat' dir='ltr'><strong>valeatis</strong></span> <span class='ocrx_word' id='word_1_65' title='bbox 902 1431 1056 1519; x_wconf 81' lang='lat' dir='ltr'><strong>ingredi.</strong></span> 
     </span>
    </p>

    <p class='ocr_par' dir='ltr' id='par_1_6' title="bbox 151 1532 774 1619">
     <span class='ocr_line' id='line_1_11' title="bbox 151 1532 774 1619; baseline 0 -25"><span class='ocrx_word' id='word_1_66' title='bbox 151 1533 241 1611; x_wconf 84' lang='lat' dir='ltr'><strong>Quod</strong></span> <span class='ocrx_word' id='word_1_67' title='bbox 257 1534 331 1619; x_wconf 89' lang='lat' dir='ltr'><strong>ipse.</strong></span> <span class='ocrx_word' id='word_1_68' title='bbox 378 1532 493 1597; x_wconf 86' lang='lat' dir='ltr'><strong>Amen.</strong></span> <span class='ocrx_word' id='word_1_69' title='bbox 584 1533 774 1599; x_wconf 77' lang='lat' dir='ltr'><strong>Benedictio</strong></span> 
     </span>
    </p>
   </div>
   <div class='ocr_carea' id='block_1_4' title="bbox 294 1705 1109 1793">
    <p class='ocr_par' dir='ltr' id='par_1_7' title="bbox 294 1705 1109 1793">
     <span class='ocr_line' id='line_1_12' title="bbox 294 1705 1109 1793; baseline 0.011 -27"><span class='ocrx_word' id='word_1_70' title='bbox 294 1705 470 1770; x_wconf 74' lang='lat' dir='ltr'><strong>Benedictio</strong></span> <span class='ocrx_word' id='word_1_71' title='bbox 486 1707 665 1793; x_wconf 83' lang='lat' dir='ltr'><strong>episcopalia</strong></span> <span class='ocrx_word' id='word_1_72' title='bbox 681 1709 714 1769; x_wconf 86' lang='lat' dir='ltr'><strong>in</strong></span> <span class='ocrx_word' id='word_1_73' title='bbox 730 1705 925 1769; x_wconf 80' lang='lat' dir='ltr'><strong>ordinatione</strong></span> <span class='ocrx_word' id='word_1_74' title='bbox 941 1707 1109 1775; x_wconf 84' lang='lat' dir='ltr'><strong>Diaconi.</strong></span> 
     </span>
    </p>
   </div>
   <div class='ocr_carea' id='block_1_5' title="bbox 105 1840 1279 3038">
    <p class='ocr_par' dir='ltr' id='par_1_8' title="bbox 105 1840 1279 2032">
     <span class='ocr_line' id='line_1_13' title="bbox 150 1840 1279 1929; baseline 0.004 -23"><span class='ocrx_word' id='word_1_75' title='bbox 150 1844 321 1907; x_wconf 80' lang='lat' dir='ltr'><strong>Benedicat</strong></span> <span class='ocrx_word' id='word_1_76' title='bbox 351 1865 405 1905; x_wconf 89' lang='lat' dir='ltr'><strong>vos</strong></span> <span class='ocrx_word' id='word_1_77' title='bbox 438 1844 522 1908; x_wconf 89' lang='lat' dir='ltr'><strong>Deus</strong></span> <span class='ocrx_word' id='word_1_78' title='bbox 548 1843 757 1907; x_wconf 84' lang='lat' dir='ltr'><strong>misericordia</strong></span> <span class='ocrx_word' id='word_1_79' title='bbox 786 1840 910 1926; x_wconf 85' lang='lat' dir='ltr'><strong>plenus,</strong></span> <span class='ocrx_word' id='word_1_80' title='bbox 939 1844 1075 1929; x_wconf 88' lang='lat' dir='ltr'><strong>pietate</strong></span> <span class='ocrx_word' id='word_1_81' title='bbox 1105 1849 1279 1924; x_wconf 83' lang='lat' dir='ltr'><strong>immensus,</strong></span> 
     </span>
     <span class='ocr_line' id='line_1_14' title="bbox 105 1943 928 2032; baseline -0.002 -23"><span class='ocrx_word' id='word_1_82' title='bbox 105 1946 265 2030; x_wconf 84' lang='lat' dir='ltr'><strong>majestate</strong></span> <span class='ocrx_word' id='word_1_83' title='bbox 280 1944 442 2032; x_wconf 89' lang='lat' dir='ltr'><strong>gloriosus,</strong></span> <span class='ocrx_word' id='word_1_84' title='bbox 459 1947 576 2010; x_wconf 88' lang='lat' dir='ltr'><strong>virtute</strong></span> <span class='ocrx_word' id='word_1_85' title='bbox 590 1945 764 2031; x_wconf 90' lang='lat' dir='ltr'><strong>precipuus.</strong></span> <span class='ocrx_word' id='word_1_86' title='bbox 810 1943 928 2007; x_wconf 84' lang='lat' dir='ltr'><strong>Amen.</strong></span> 
     </span>
    </p>

    <p class='ocr_par' dir='ltr' id='par_1_9' title="bbox 106 2045 1279 2237">
     <span class='ocr_line' id='line_1_15' title="bbox 151 2045 1279 2140; baseline 0.007 -31"><span class='ocrx_word' id='word_1_87' title='bbox 151 2048 379 2134; x_wconf 87' lang='lat' dir='ltr'><strong>Multiplicctur</strong></span> <span class='ocrx_word' id='word_1_88' title='bbox 393 2072 457 2132; x_wconf 83' lang='lat' dir='ltr'><strong>pax</strong></span> <span class='ocrx_word' id='word_1_89' title='bbox 472 2049 505 2111; x_wconf 92' lang='lat' dir='ltr'><strong>in</strong></span> <span class='ocrx_word' id='word_1_90' title='bbox 518 2049 627 2113; x_wconf 90' lang='lat' dir='ltr'><strong>diebus</strong></span> <span class='ocrx_word' id='word_1_91' title='bbox 642 2048 715 2125; x_wconf 87' lang='lat' dir='ltr'><strong>tuis,</strong></span> <span class='ocrx_word' id='word_1_92' title='bbox 728 2045 871 2111; x_wconf 80' lang='lat' dir='ltr'><strong>saturitas</strong></span> <span class='ocrx_word' id='word_1_93' title='bbox 886 2045 1106 2136; x_wconf 85' lang='lat' dir='ltr'><strong>intempore,</strong></span> <span class='ocrx_word' id='word_1_94' title='bbox 1121 2053 1279 2140; x_wconf 84' lang='lat' dir='ltr'><strong>temperies</strong></span> 
     </span>
     <span class='ocr_line' id='line_1_16' title="bbox 106 2149 746 2237; baseline -0.005 -22"><span class='ocrx_word' id='word_1_95' title='bbox 106 2152 140 2215; x_wconf 90' lang='lat' dir='ltr'><strong>in</strong></span> <span class='ocrx_word' id='word_1_96' title='bbox 156 2174 236 2228; x_wconf 85' lang='lat' dir='ltr'><strong>aere,</strong></span> <span class='ocrx_word' id='word_1_97' title='bbox 253 2152 371 2215; x_wconf 79' lang='lat' dir='ltr'><strong>linctus</strong></span> <span class='ocrx_word' id='word_1_98' title='bbox 387 2150 420 2213; x_wconf 89' lang='lat' dir='ltr'><strong>in</strong></span> <span class='ocrx_word' id='word_1_99' title='bbox 435 2152 585 2237; x_wconf 82' lang='lat' dir='ltr'><strong>germine.</strong></span> <span class='ocrx_word' id='word_1_100' title='bbox 632 2149 746 2213; x_wconf 82' lang='lat' dir='ltr'><strong>Amen.</strong></span> 
     </span>
    </p>

    <p class='ocr_par' dir='ltr' id='par_1_10' title="bbox 106 2249 1277 2444">
     <span class='ocr_line' id='line_1_17' title="bbox 150 2249 1277 2346; baseline 0.004 -28"><span class='ocrx_word' id='word_1_101' title='bbox 150 2254 197 2318; x_wconf 90' lang='lat' dir='ltr'><strong>Ut</strong></span> <span class='ocrx_word' id='word_1_102' title='bbox 221 2254 295 2318; x_wconf 92' lang='lat' dir='ltr'><strong>dum</strong></span> <span class='ocrx_word' id='word_1_103' title='bbox 317 2268 348 2317; x_wconf 86' lang='lat' dir='ltr'><strong>te</strong></span> <span class='ocrx_word' id='word_1_104' title='bbox 368 2253 438 2339; x_wconf 89' lang='lat' dir='ltr'><strong>pius</strong></span> <span class='ocrx_word' id='word_1_105' title='bbox 453 2255 613 2318; x_wconf 86' lang='lat' dir='ltr'><strong>miserator</strong></span> <span class='ocrx_word' id='word_1_106' title='bbox 628 2253 797 2338; x_wconf 85' lang='lat' dir='ltr'><strong>locupletat</strong></span> <span class='ocrx_word' id='word_1_107' title='bbox 817 2249 957 2314; x_wconf 87' lang='lat' dir='ltr'><strong>insuam</strong></span> <span class='ocrx_word' id='word_1_108' title='bbox 975 2252 1200 2324; x_wconf 86' lang='lat' dir='ltr'><strong>hereditatem</strong></span> <span class='ocrx_word' id='word_1_109' title='bbox 1214 2282 1277 2346; x_wconf 91' lang='lat' dir='ltr'><strong>pro·</strong></span> 
     </span>
     <span class='ocr_line' id='line_1_18' title="bbox 106 2357 404 2444; baseline -0.01 -24"><span class='ocrx_word' id='word_1_110' title='bbox 106 2357 202 2444; x_wconf 88' lang='lat' dir='ltr'><strong>pitius</strong></span> <span class='ocrx_word' id='word_1_111' title='bbox 217 2358 404 2421; x_wconf 88' lang='lat' dir='ltr'><strong>introducat.</strong></span> 
     </span>
    </p>

    <p class='ocr_par' dir='ltr' id='par_1_11' title="bbox 106 2459 1278 2647">
     <span class='ocr_line' id='line_1_19' title="bbox 151 2459 1278 2546; baseline 0.004 -23"><span class='ocrx_word' id='word_1_112' title='bbox 151 2460 321 2523; x_wconf 87' lang='lat' dir='ltr'><strong>Benedicat</strong></span> <span class='ocrx_word' id='word_1_113' title='bbox 344 2460 377 2521; x_wconf 90' lang='lat' dir='ltr'><strong>in</strong></span> <span class='ocrx_word' id='word_1_114' title='bbox 402 2471 433 2521; x_wconf 88' lang='lat' dir='ltr'><strong>tc</strong></span> <span class='ocrx_word' id='word_1_115' title='bbox 455 2459 610 2522; x_wconf 90' lang='lat' dir='ltr'><strong>Dominus</strong></span> <span class='ocrx_word' id='word_1_116' title='bbox 632 2459 803 2546; x_wconf 88' lang='lat' dir='ltr'><strong>imaginem</strong></span> <span class='ocrx_word' id='word_1_117' title='bbox 825 2479 920 2541; x_wconf 90' lang='lat' dir='ltr'><strong>quam</strong></span> <span class='ocrx_word' id='word_1_118' title='bbox 949 2460 1145 2545; x_wconf 85' lang='lat' dir='ltr'><strong>plasmavit,</strong></span> <span class='ocrx_word' id='word_1_119' title='bbox 1170 2480 1203 2531; x_wconf 89' lang='lat' dir='ltr'><strong>et</strong></span> <span class='ocrx_word' id='word_1_120' title='bbox 1230 2466 1278 2529; x_wconf 89' lang='lat' dir='ltr'><strong>det</strong></span> 
     </span>
     <span class='ocr_line' id='line_1_20' title="bbox 106 2562 785 2647; baseline -0.003 -22"><span class='ocrx_word' id='word_1_121' title='bbox 106 2562 348 2626; x_wconf 86' lang='lat' dir='ltr'><strong>misericordiam</strong></span> <span class='ocrx_word' id='word_1_122' title='bbox 364 2584 457 2646; x_wconf 88' lang='lat' dir='ltr'><strong>quam</strong></span> <span class='ocrx_word' id='word_1_123' title='bbox 473 2562 624 2647; x_wconf 86' lang='lat' dir='ltr'><strong>promisit.</strong></span> <span class='ocrx_word' id='word_1_124' title='bbox 671 2562 785 2625; x_wconf 84' lang='lat' dir='ltr'><strong>Amen.</strong></span> 
     </span>
    </p>

    <p class='ocr_par' dir='ltr' id='par_1_12' title="bbox 106 2662 1275 2857">
     <span class='ocr_line' id='line_1_21' title="bbox 152 2662 1275 2759; baseline -0.001 -28"><span class='ocrx_word' id='word_1_125' title='bbox 152 2666 316 2731; x_wconf 87' lang='lat' dir='ltr'><strong>Custodiat</strong></span> <span class='ocrx_word' id='word_1_126' title='bbox 330 2665 467 2729; x_wconf 84' lang='lat' dir='ltr'><strong>animam</strong></span> <span class='ocrx_word' id='word_1_127' title='bbox 488 2677 574 2727; x_wconf 85' lang='lat' dir='ltr'><strong>tuam</strong></span> <span class='ocrx_word' id='word_1_128' title='bbox 596 2687 689 2750; x_wconf 88' lang='lat' dir='ltr'><strong>quam</strong></span> <span class='ocrx_word' id='word_1_129' title='bbox 704 2662 837 2729; x_wconf 85' lang='lat' dir='ltr'><strong>redemit</strong></span> <span class='ocrx_word' id='word_1_130' title='bbox 851 2664 1010 2729; x_wconf 87' lang='lat' dir='ltr'><strong>servando</strong></span> <span class='ocrx_word' id='word_1_131' title='bbox 1026 2671 1173 2755; x_wconf 73' lang='lat' dir='ltr'><strong>gratiam</strong></span> <span class='ocrx_word' id='word_1_132' title='bbox 1188 2695 1275 2759; x_wconf 79' lang='lat' dir='ltr'><strong>quam</strong></span> 
     </span>
     <span class='ocr_line' id='line_1_22' title="bbox 106 2770 255 2857; baseline -0.013 -24"><span class='ocrx_word' id='word_1_133' title='bbox 106 2770 255 2857; x_wconf 85' lang='lat' dir='ltr'><strong>proludit.</strong></span> 
     </span>
    </p>

    <p class='ocr_par' dir='ltr' id='par_1_13' title="bbox 109 2868 1275 3038">
     <span class='ocr_line' id='line_1_23' title="bbox 152 2868 1275 2958; baseline 0.002 -22"><span class='ocrx_word' id='word_1_134' title='bbox 152 2873 199 2936; x_wconf 90' lang='lat' dir='ltr'><strong>Ut</strong></span> <span class='ocrx_word' id='word_1_135' title='bbox 223 2886 255 2935; x_wconf 88' lang='lat' dir='ltr'><strong>ot</strong></span> <span class='ocrx_word' id='word_1_136' title='bbox 281 2873 409 2958; x_wconf 86' lang='lat' dir='ltr'><strong>impleas</strong></span> <span class='ocrx_word' id='word_1_137' title='bbox 434 2894 494 2956; x_wconf 90' lang='lat' dir='ltr'><strong>que</strong></span> <span class='ocrx_word' id='word_1_138' title='bbox 520 2869 670 2956; x_wconf 89' lang='lat' dir='ltr'><strong>precepit,</strong></span> <span class='ocrx_word' id='word_1_139' title='bbox 697 2882 730 2933; x_wconf 89' lang='lat' dir='ltr'><strong>et</strong></span> <span class='ocrx_word' id='word_1_140' title='bbox 756 2871 808 2933; x_wconf 89' lang='lat' dir='ltr'><strong>ille</strong></span> <span class='ocrx_word' id='word_1_141' title='bbox 832 2868 989 2933; x_wconf 86' lang='lat' dir='ltr'><strong>custodiat</strong></span> <span class='ocrx_word' id='word_1_142' title='bbox 1017 2876 1113 2958; x_wconf 92' lang='lat' dir='ltr'><strong>quod</strong></span> <span class='ocrx_word' id='word_1_143' title='bbox 1139 2878 1275 2943; x_wconf 78' lang='lat' dir='ltr'><strong>donavit.</strong></span> 
     </span>
     <span class='ocr_line' id='line_1_24' title="bbox 109 2975 223 3038; baseline -0.018 0"><span class='ocrx_word' id='word_1_144' title='bbox 109 2975 223 3038; x_wconf 88' lang='lat' dir='ltr'><strong>Amen.</strong></span> 
     </span>
    </p>
   </div>
   <div class='ocr_carea' id='block_1_6' title="bbox 153 3074 936 3162">
    <p class='ocr_par' dir='ltr' id='par_1_14' title="bbox 153 3074 936 3162">
     <span class='ocr_line' id='line_1_25' title="bbox 153 3074 936 3162; baseline -0.005 -23"><span class='ocrx_word' id='word_1_145' title='bbox 153 3078 244 3156; x_wconf 78' lang='lat' dir='ltr'><strong>Quod</strong></span> <span class='ocrx_word' id='word_1_146' title='bbox 260 3077 333 3162; x_wconf 88' lang='lat' dir='ltr'><strong>ipsc.</strong></span> <span class='ocrx_word' id='word_1_147' title='bbox 380 3077 494 3140; x_wconf 84' lang='lat' dir='ltr'><strong>Amen.</strong></span> <span class='ocrx_word' id='word_1_148' title='bbox 584 3074 777 3140; x_wconf 85' lang='lat' dir='ltr'><strong>Benedictio.</strong></span> <span class='ocrx_word' id='word_1_149' title='bbox 823 3074 936 3138; x_wconf 85' lang='lat' dir='ltr'><strong>Amen.</strong></span> 
     </span>
    </p>
   </div>
   <div class='ocr_carea' id='block_1_7' title="bbox 273 3245 1098 3334">
    <p class='ocr_par' dir='ltr' id='par_1_15' title="bbox 273 3245 1098 3334">
     <span class='ocr_line' id='line_1_26' title="bbox 273 3245 1098 3334; baseline 0.007 -23"><span class='ocrx_word' id='word_1_150' title='bbox 273 3249 449 3313; x_wconf 81' lang='lat' dir='ltr'><strong>Benedictio</strong></span> <span class='ocrx_word' id='word_1_151' title='bbox 465 3249 643 3334; x_wconf 77' lang='lat' dir='ltr'><strong>episcopalia</strong></span> <span class='ocrx_word' id='word_1_152' title='bbox 658 3249 692 3310; x_wconf 84' lang='lat' dir='ltr'><strong>in</strong></span> <span class='ocrx_word' id='word_1_153' title='bbox 707 3249 897 3312; x_wconf 83' lang='lat' dir='ltr'><strong>ordinatiane</strong></span> <span class='ocrx_word' id='word_1_154' title='bbox 911 3245 1098 3316; x_wconf 71' lang='lat' dir='ltr'><strong>Preeln‘teri.</strong></span> 
     </span>
    </p>
   </div>
   <div class='ocr_carea' id='block_1_8' title="bbox 107 3377 1284 4198">
    <p class='ocr_par' dir='ltr' id='par_1_16' title="bbox 107 3377 1276 3672">
     <span class='ocr_line' id='line_1_27' title="bbox 154 3377 1275 3467; baseline 0.004 -24"><span class='ocrx_word' id='word_1_155' title='bbox 154 3379 358 3466; x_wconf 87' lang='lat' dir='ltr'><strong>Omnipotens</strong></span> <span class='ocrx_word' id='word_1_156' title='bbox 384 3381 571 3467; x_wconf 86' lang='lat' dir='ltr'><strong>sempiterne</strong></span> <span class='ocrx_word' id='word_1_157' title='bbox 598 3379 682 3444; x_wconf 88' lang='lat' dir='ltr'><strong>Deus</strong></span> <span class='ocrx_word' id='word_1_158' title='bbox 707 3380 858 3465; x_wconf 89' lang='lat' dir='ltr'><strong>respicere</strong></span> <span class='ocrx_word' id='word_1_159' title='bbox 882 3377 1015 3464; x_wconf 88' lang='lat' dir='ltr'><strong>dignare</strong></span> <span class='ocrx_word' id='word_1_160' title='bbox 1048 3385 1090 3449; x_wconf 90' lang='lat' dir='ltr'><strong>de</strong></span> <span class='ocrx_word' id='word_1_161' title='bbox 1121 3389 1275 3454; x_wconf 79' lang='lat' dir='ltr'><strong>altissimo</strong></span> 
     </span>
     <span class='ocr_line' id='line_1_28' title="bbox 107 3480 1276 3572; baseline 0.002 -24"><span class='ocrx_word' id='word_1_162' title='bbox 107 3485 198 3572; x_wconf 89' lang='lat' dir='ltr'><strong>regni</strong></span> <span class='ocrx_word' id='word_1_163' title='bbox 220 3485 268 3548; x_wconf 87' lang='lat' dir='ltr'><strong>tui</strong></span> <span class='ocrx_word' id='word_1_164' title='bbox 292 3485 368 3548; x_wconf 91' lang='lat' dir='ltr'><strong>solio</strong></span> <span class='ocrx_word' id='word_1_165' title='bbox 392 3508 483 3570; x_wconf 90' lang='lat' dir='ltr'><strong>super</strong></span> <span class='ocrx_word' id='word_1_166' title='bbox 500 3483 586 3546; x_wconf 91' lang='lat' dir='ltr'><strong>hunc</strong></span> <span class='ocrx_word' id='word_1_167' title='bbox 600 3482 807 3569; x_wconf 88' lang='lat' dir='ltr'><strong>presbiterum</strong></span> <span class='ocrx_word' id='word_1_168' title='bbox 823 3480 1080 3550; x_wconf 86' lang='lat' dir='ltr'><strong>benedictionem</strong></span> <span class='ocrx_word' id='word_1_169' title='bbox 1102 3502 1195 3556; x_wconf 89' lang='lat' dir='ltr'><strong>tuam</strong></span> <span class='ocrx_word' id='word_1_170' title='bbox 1212 3506 1276 3558; x_wconf 77' lang='lat' dir='ltr'><strong>toto</strong></span> 
     </span>
     <span class='ocr_line' id='line_1_29' title="bbox 107 3588 594 3672; baseline -0.01 -21"><span class='ocrx_word' id='word_1_171' title='bbox 107 3589 200 3651; x_wconf 89' lang='lat' dir='ltr'><strong>corde</strong></span> <span class='ocrx_word' id='word_1_172' title='bbox 214 3588 433 3672; x_wconf 89' lang='lat' dir='ltr'><strong>postulantem.</strong></span> <span class='ocrx_word' id='word_1_173' title='bbox 480 3588 594 3649; x_wconf 84' lang='lat' dir='ltr'><strong>Amen.</strong></span> 
     </span>
    </p>

    <p class='ocr_par' dir='ltr' id='par_1_17' title="bbox 107 3686 1277 3878">
     <span class='ocr_line' id='line_1_30' title="bbox 152 3686 1277 3777; baseline 0.003 -24"><span class='ocrx_word' id='word_1_174' title='bbox 152 3690 199 3753; x_wconf 90' lang='lat' dir='ltr'><strong>Ut</strong></span> <span class='ocrx_word' id='word_1_175' title='bbox 225 3712 319 3774; x_wconf 89' lang='lat' dir='ltr'><strong>quem</strong></span> <span class='ocrx_word' id='word_1_176' title='bbox 342 3689 475 3772; x_wconf 88' lang='lat' dir='ltr'><strong>pretiosa</strong></span> <span class='ocrx_word' id='word_1_177' title='bbox 501 3687 652 3773; x_wconf 86' lang='lat' dir='ltr'><strong>sanguine</strong></span> <span class='ocrx_word' id='word_1_178' title='bbox 680 3687 755 3751; x_wconf 86' lang='lat' dir='ltr'><strong>Filii</strong></span> <span class='ocrx_word' id='word_1_179' title='bbox 782 3689 830 3750; x_wconf 90' lang='lat' dir='ltr'><strong>tui</strong></span> <span class='ocrx_word' id='word_1_180' title='bbox 855 3686 1009 3752; x_wconf 88' lang='lat' dir='ltr'><strong>redimere</strong></span> <span class='ocrx_word' id='word_1_181' title='bbox 1033 3694 1185 3777; x_wconf 81' lang='lat' dir='ltr'><strong>voluisti,</strong></span> <span class='ocrx_word' id='word_1_182' title='bbox 1213 3724 1277 3764; x_wconf 83' lang='lat' dir='ltr'><strong>non</strong></span> 
     </span>
     <span class='ocr_line' id='line_1_31' title="bbox 107 3789 919 3878; baseline -0.005 -23"><span class='ocrx_word' id='word_1_183' title='bbox 107 3792 268 3878; x_wconf 85' lang='lat' dir='ltr'><strong>permittas</strong></span> <span class='ocrx_word' id='word_1_184' title='bbox 283 3789 331 3852; x_wconf 90' lang='lat' dir='ltr'><strong>illi</strong></span> <span class='ocrx_word' id='word_1_185' title='bbox 346 3790 584 3854; x_wconf 84' lang='lat' dir='ltr'><strong>adversitatibus</strong></span> <span class='ocrx_word' id='word_1_186' title='bbox 599 3789 757 3854; x_wconf 85' lang='lat' dir='ltr'><strong>maculari.</strong></span> <span class='ocrx_word' id='word_1_187' title='bbox 803 3791 919 3854; x_wconf 89' lang='lat' dir='ltr'><strong>Amen.</strong></span> 
     </span>
    </p>

    <p class='ocr_par' dir='ltr' id='par_1_18' title="bbox 107 3891 1280 4080">
     <span class='ocr_line' id='line_1_32' title="bbox 151 3891 1280 3978; baseline 0.011 -22"><span class='ocrx_word' id='word_1_188' title='bbox 151 3894 200 3956; x_wconf 90' lang='lat' dir='ltr'><strong>Da</strong></span> <span class='ocrx_word' id='word_1_189' title='bbox 215 3893 255 3969; x_wconf 89' lang='lat' dir='ltr'><strong>ei,</strong></span> <span class='ocrx_word' id='word_1_190' title='bbox 273 3891 419 3969; x_wconf 89' lang='lat' dir='ltr'><strong>Domine,</strong></span> <span class='ocrx_word' id='word_1_191' title='bbox 431 3905 570 3978; x_wconf 86' lang='lat' dir='ltr'><strong>tempora</strong></span> <span class='ocrx_word' id='word_1_192' title='bbox 580 3892 758 3978; x_wconf 86' lang='lat' dir='ltr'><strong>tranquilla,</strong></span> <span class='ocrx_word' id='word_1_193' title='bbox 771 3893 876 3976; x_wconf 87' lang='lat' dir='ltr'><strong>quieta</strong></span> <span class='ocrx_word' id='word_1_194' title='bbox 886 3891 1069 3977; x_wconf 84' lang='lat' dir='ltr'><strong>etpacifica,</strong></span> <span class='ocrx_word' id='word_1_195' title='bbox 1087 3912 1122 3964; x_wconf 88' lang='lat' dir='ltr'><strong>et</strong></span> <span class='ocrx_word' id='word_1_196' title='bbox 1138 3903 1280 3972; x_wconf 84' lang='lat' dir='ltr'><strong>letitiam</strong></span> 
     </span>
     <span class='ocr_line' id='line_1_33' title="bbox 107 3992 962 4080; baseline 0 -24"><span class='ocrx_word' id='word_1_197' title='bbox 107 3995 278 4080; x_wconf 87' lang='lat' dir='ltr'><strong>spiritalem</strong></span> <span class='ocrx_word' id='word_1_198' title='bbox 294 3992 407 4056; x_wconf 85' lang='lat' dir='ltr'><strong>habeat</strong></span> <span class='ocrx_word' id='word_1_199' title='bbox 422 3995 489 4056; x_wconf 85' lang='lat' dir='ltr'><strong>sine</strong></span> <span class='ocrx_word' id='word_1_200' title='bbox 504 3994 567 4057; x_wconf 90' lang='lat' dir='ltr'><strong>fine</strong></span> <span class='ocrx_word' id='word_1_201' title='bbox 582 4018 637 4079; x_wconf 89' lang='lat' dir='ltr'><strong>per</strong></span> <span class='ocrx_word' id='word_1_202' title='bbox 652 4008 801 4079; x_wconf 88' lang='lat' dir='ltr'><strong>tempora.</strong></span> <span class='ocrx_word' id='word_1_203' title='bbox 848 3997 962 4059; x_wconf 88' lang='lat' dir='ltr'><strong>Arnen.</strong></span> 
     </span>
    </p>

    <p class='ocr_par' dir='ltr' id='par_1_19' title="bbox 151 4095 1284 4198">
     <span class='ocr_line' id='line_1_34' title="bbox 151 4095 1284 4198; baseline 0.011 -39"><span class='ocrx_word' id='word_1_204' title='bbox 151 4098 200 4159; x_wconf 89' lang='lat' dir='ltr'><strong>Da</strong></span> <span class='ocrx_word' id='word_1_205' title='bbox 225 4095 253 4157; x_wconf 90' lang='lat' dir='ltr'><strong>ei</strong></span> <span class='ocrx_word' id='word_1_206' title='bbox 276 4118 329 4157; x_wconf 91' lang='lat' dir='ltr'><strong>cor</strong></span> <span class='ocrx_word' id='word_1_207' title='bbox 351 4096 435 4178; x_wconf 91' lang='lat' dir='ltr'><strong>quod</strong></span> <span class='ocrx_word' id='word_1_208' title='bbox 457 4108 488 4157; x_wconf 91' lang='lat' dir='ltr'><strong>te</strong></span> <span class='ocrx_word' id='word_1_209' title='bbox 511 4109 688 4181; x_wconf 84' lang='lat' dir='ltr'><strong>cognoscat,</strong></span> <span class='ocrx_word' id='word_1_210' title='bbox 710 4096 749 4159; x_wconf 87' lang='lat' dir='ltr'><strong>da</strong></span> <span class='ocrx_word' id='word_1_211' title='bbox 772 4119 894 4162; x_wconf 90' lang='lat' dir='ltr'><strong>sensum</strong></span> <span class='ocrx_word' id='word_1_212' title='bbox 915 4097 969 4183; x_wconf 90' lang='lat' dir='ltr'><strong>qui</strong></span> <span class='ocrx_word' id='word_1_213' title='bbox 989 4110 1022 4161; x_wconf 88' lang='lat' dir='ltr'><strong>te</strong></span> <span class='ocrx_word' id='word_1_214' title='bbox 1038 4100 1225 4198; x_wconf 80' lang='lat' dir='ltr'><strong>intelligat,</strong></span> <span class='ocrx_word' id='word_1_215' title='bbox 1243 4115 1284 4180; x_wconf 79' lang='lat' dir='ltr'><strong>da</strong></span> 
     </span>
    </p>
   </div>
   <div class='ocr_carea' id='block_1_9' title="bbox 104 4195 1285 4376">
    <p class='ocr_par' dir='ltr' id='par_1_20' title="bbox 104 4195 1285 4376">
     <span class='ocr_line' id='line_1_35' title="bbox 109 4195 1285 4297; baseline 0.026 -43"><span class='ocrx_word' id='word_1_216' title='bbox 109 4195 302 4258; x_wconf 86' lang='lat' dir='ltr'><strong>intellectum</strong></span> <span class='ocrx_word' id='word_1_217' title='bbox 327 4219 389 4278; x_wconf 90' lang='lat' dir='ltr'><strong>quo</strong></span> <span class='ocrx_word' id='word_1_218' title='bbox 411 4209 523 4258; x_wconf 84' lang='lat' dir='ltr'><strong>terram</strong></span> <span class='ocrx_word' id='word_1_219' title='bbox 547 4197 706 4282; x_wconf 83' lang='lat' dir='ltr'><strong>despiciat,</strong></span> <span class='ocrx_word' id='word_1_220' title='bbox 728 4198 842 4260; x_wconf 87' lang='lat' dir='ltr'><strong>coelum</strong></span> <span class='ocrx_word' id='word_1_221' title='bbox 865 4199 1002 4286; x_wconf 84' lang='lat' dir='ltr'><strong>aspiciat,</strong></span> <span class='ocrx_word' id='word_1_222' title='bbox 1019 4222 1156 4286; x_wconf 83' lang='lat' dir='ltr'><strong>peccata</strong></span> <span class='ocrx_word' id='word_1_223' title='bbox 1180 4217 1285 4297; x_wconf 86' lang='lat' dir='ltr'><strong>odiat,</strong></span> 
     </span>
     <span class='ocr_line' id='line_1_36' title="bbox 104 4294 556 4376; baseline 0.004 -20"><span class='ocrx_word' id='word_1_224' title='bbox 104 4294 259 4372; x_wconf 84' lang='lat' dir='ltr'><strong>justitiam</strong></span> <span class='ocrx_word' id='word_1_225' title='bbox 276 4294 396 4376; x_wconf 84' lang='lat' dir='ltr'><strong>diligat.</strong></span> <span class='ocrx_word' id='word_1_226' title='bbox 442 4296 556 4358; x_wconf 86' lang='lat' dir='ltr'><strong>Amen.</strong></span> 
     </span>
    </p>
   </div>
   <div class='ocr_carea' id='block_1_10' title="bbox 0 0 1445 4934">
    <p class='ocr_par' dir='ltr' id='par_1_21' title="bbox 0 0 1445 4934">
     <span class='ocr_line' id='line_1_37' title="bbox 0 0 1445 4934; baseline 0 0"><span class='ocrx_word' id='word_1_227' title='bbox 0 0 1445 4934; x_wconf 95' lang='lat' dir='ltr'><strong> </strong></span> 
     </span>
    </p>
   </div>
  </div>
 </body>
</html>
