<?xml version="1.0" encoding="UTF-8"?>
<!DOCTYPE html PUBLIC "-//W3C//DTD XHTML 1.0 Transitional//EN"
    "http://www.w3.org/TR/xhtml1/DTD/xhtml1-transitional.dtd">
<html xmlns="http://www.w3.org/1999/xhtml" xml:lang="en" lang="en">
 <head>
  <title>
</title>
<meta http-equiv="Content-Type" content="text/html;charset=utf-8" />
  <meta name='ocr-system' content='tesseract 3.04.00' />
  <meta name='ocr-capabilities' content='ocr_page ocr_carea ocr_par ocr_line ocrx_word'/>
</head>
<body>
  <div class='ocr_page' id='page_1' title='image "./pontificalegber00churgoog_0086.png"; bbox 0 0 2866 4934; ppageno 0'>
   <div class='ocr_carea' id='block_1_1' title="bbox 536 398 1266 461">
    <p class='ocr_par' dir='ltr' id='par_1_1' title="bbox 536 398 1266 461">
     <span class='ocr_line' id='line_1_1' title="bbox 536 398 1266 461; baseline 0.001 -4"><span class='ocrx_word' id='word_1_1' title='bbox 536 412 840 461; x_wconf 80' lang='lat' dir='ltr'>nnunnrcrrouus.</span> <span class='ocrx_word' id='word_1_2' title='bbox 1224 398 1266 458; x_wconf 86' lang='lat'>59</span> 
     </span>
    </p>
   </div>
   <div class='ocr_carea' id='block_1_2' title="bbox 111 566 1269 1146">
    <p class='ocr_par' dir='ltr' id='par_1_2' title="bbox 111 566 1267 757">
     <span class='ocr_line' id='line_1_2' title="bbox 157 566 1267 655; baseline -0.002 -24"><span class='ocrx_word' id='word_1_3' title='bbox 157 566 227 631; x_wconf 87' lang='lat' dir='ltr'>Suis</span> <span class='ocrx_word' id='word_1_4' title='bbox 242 590 299 631; x_wconf 87' lang='lat' dir='ltr'>vos</span> <span class='ocrx_word' id='word_1_5' title='bbox 314 567 433 653; x_wconf 88' lang='lat' dir='ltr'>repleat</span> <span class='ocrx_word' id='word_1_6' title='bbox 446 567 719 632; x_wconf 80' lang='lat' dir='ltr'>benedictionibus</span> <span class='ocrx_word' id='word_1_7' title='bbox 733 569 871 655; x_wconf 86' lang='lat' dir='ltr'>insuper,</span> <span class='ocrx_word' id='word_1_8' title='bbox 888 580 920 632; x_wconf 89' lang='lat' dir='ltr'>et</span> <span class='ocrx_word' id='word_1_9' title='bbox 936 568 1054 633; x_wconf 87' lang='lat' dir='ltr'>exaltet</span> <span class='ocrx_word' id='word_1_10' title='bbox 1069 569 1103 631; x_wconf 92' lang='lat' dir='ltr'>in</span> <span class='ocrx_word' id='word_1_11' title='bbox 1119 567 1267 631; x_wconf 88' lang='lat' dir='ltr'>coelorum</span> 
     </span>
     <span class='ocr_line' id='line_1_3' title="bbox 111 670 351 757; baseline 0 -23"><span class='ocrx_word' id='word_1_12' title='bbox 111 671 203 757; x_wconf 92' lang='lat' dir='ltr'>regni</span> <span class='ocrx_word' id='word_1_13' title='bbox 217 670 351 734; x_wconf 91' lang='lat' dir='ltr'>sedibus.</span> 
     </span>
    </p>

    <p class='ocr_par' dir='ltr' id='par_1_3' title="bbox 112 773 1269 962">
     <span class='ocr_line' id='line_1_4' title="bbox 157 773 1269 860; baseline -0.002 -23"><span class='ocrx_word' id='word_1_14' title='bbox 157 774 219 854; x_wconf 77' lang='lat' dir='ltr'>Qui</span> <span class='ocrx_word' id='word_1_15' title='bbox 234 774 323 839; x_wconf 87' lang='lat' dir='ltr'>vobis</span> <span class='ocrx_word' id='word_1_16' title='bbox 337 774 545 852; x_wconf 79' lang='lat' dir='ltr'>benedixerit,</span> <span class='ocrx_word' id='word_1_17' title='bbox 561 797 579 837; x_wconf 99' lang='lat' dir='ltr'>a</span> <span class='ocrx_word' id='word_1_18' title='bbox 596 774 664 839; x_wconf 91' lang='lat' dir='ltr'>Deo</span> <span class='ocrx_word' id='word_1_19' title='bbox 687 788 802 839; x_wconf 91' lang='lat' dir='ltr'>aeterno</span> <span class='ocrx_word' id='word_1_20' title='bbox 818 775 859 839; x_wconf 91' lang='lat' dir='ltr'>sit</span> <span class='ocrx_word' id='word_1_21' title='bbox 881 774 1078 840; x_wconf 87' lang='lat' dir='ltr'>benedictus:</span> <span class='ocrx_word' id='word_1_22' title='bbox 1102 773 1157 860; x_wconf 93' lang='lat' dir='ltr'>qui</span> <span class='ocrx_word' id='word_1_23' title='bbox 1180 773 1269 836; x_wconf 89' lang='lat' dir='ltr'>vobis</span> 
     </span>
     <span class='ocr_line' id='line_1_5' title="bbox 112 877 782 962; baseline 0.001 -22"><span class='ocrx_word' id='word_1_24' title='bbox 112 877 265 955; x_wconf 74' lang='lat' dir='ltr'>nocuerit,</span> <span class='ocrx_word' id='word_1_25' title='bbox 282 900 300 940; x_wconf 92' lang='lat' dir='ltr'>a</span> <span class='ocrx_word' id='word_1_26' title='bbox 316 877 384 940; x_wconf 91' lang='lat' dir='ltr'>Deo</span> <span class='ocrx_word' id='word_1_27' title='bbox 399 877 439 940; x_wconf 86' lang='lat' dir='ltr'>sit</span> <span class='ocrx_word' id='word_1_28' title='bbox 454 888 620 962; x_wconf 89' lang='lat' dir='ltr'>separatus.</span> <span class='ocrx_word' id='word_1_29' title='bbox 666 879 782 941; x_wconf 88' lang='lat' dir='ltr'>Amen.</span> 
     </span>
    </p>

    <p class='ocr_par' dir='ltr' id='par_1_4' title="bbox 112 979 1268 1146">
     <span class='ocr_line' id='line_1_6' title="bbox 157 979 1268 1067; baseline -0.002 -24"><span class='ocrx_word' id='word_1_30' title='bbox 157 980 288 1043; x_wconf 90' lang='lat' dir='ltr'>Tribuat</span> <span class='ocrx_word' id='word_1_31' title='bbox 303 980 393 1045; x_wconf 91' lang='lat' dir='ltr'>vobis</span> <span class='ocrx_word' id='word_1_32' title='bbox 402 980 557 1053; x_wconf 85' lang='lat' dir='ltr'>coelestem</span> <span class='ocrx_word' id='word_1_33' title='bbox 566 980 831 1059; x_wconf 79' lang='lat' dir='ltr'>benedictionem,</span> <span class='ocrx_word' id='word_1_34' title='bbox 842 995 874 1044; x_wconf 87' lang='lat' dir='ltr'>et</span> <span class='ocrx_word' id='word_1_35' title='bbox 885 981 1035 1067; x_wconf 89' lang='lat' dir='ltr'>perducat</span> <span class='ocrx_word' id='word_1_36' title='bbox 1050 1003 1106 1043; x_wconf 89' lang='lat' dir='ltr'>vos</span> <span class='ocrx_word' id='word_1_37' title='bbox 1118 979 1157 1043; x_wconf 92' lang='lat' dir='ltr'>ad</span> <span class='ocrx_word' id='word_1_38' title='bbox 1169 980 1268 1042; x_wconf 86' lang='lat' dir='ltr'>vitam</span> 
     </span>
     <span class='ocr_line' id='line_1_7' title="bbox 112 1082 639 1146; baseline 0 -1"><span class='ocrx_word' id='word_1_39' title='bbox 112 1082 178 1146; x_wconf 90' lang='lat' dir='ltr'>sine</span> <span class='ocrx_word' id='word_1_40' title='bbox 194 1082 257 1146; x_wconf 90' lang='lat' dir='ltr'>fine</span> <span class='ocrx_word' id='word_1_41' title='bbox 273 1083 449 1146; x_wconf 85' lang='lat' dir='ltr'>durantem.</span> <span class='ocrx_word' id='word_1_42' title='bbox 494 1082 611 1146; x_wconf 84' lang='lat' dir='ltr'>Amen.</span> <span class='ocrx_word' id='word_1_43' title='bbox 637 1132 639 1136; x_wconf 12' lang='grc' dir='ltr'>μ</span> 
     </span>
    </p>
   </div>
   <div class='ocr_carea' id='block_1_3' title="bbox 158 1185 739 1272">
    <p class='ocr_par' dir='ltr' id='par_1_5' title="bbox 158 1185 739 1272">
     <span class='ocr_line' id='line_1_8' title="bbox 158 1185 739 1272; baseline 0.003 -25"><span class='ocrx_word' id='word_1_44' title='bbox 158 1186 249 1265; x_wconf 77' lang='lat' dir='ltr'>Quod</span> <span class='ocrx_word' id='word_1_45' title='bbox 263 1185 338 1272; x_wconf 87' lang='lat' dir='ltr'>ipse.</span> <span class='ocrx_word' id='word_1_46' title='bbox 384 1186 498 1249; x_wconf 91' lang='lat' dir='ltr'>Amen.</span> <span class='ocrx_word' id='word_1_47' title='bbox 547 1186 739 1250; x_wconf 88' lang='lat' dir='ltr'>Benedictio.</span> 
     </span>
    </p>
   </div>
   <div class='ocr_carea' id='block_1_4' title="bbox 389 1390 1020 1495">
    <p class='ocr_par' dir='ltr' id='par_1_6' title="bbox 389 1390 1020 1495">
     <span class='ocr_line' id='line_1_9' title="bbox 389 1390 1020 1495; baseline 0.002 -24"><span class='ocrx_word' id='word_1_48' title='bbox 389 1390 557 1472; x_wconf 84' lang='lat' dir='ltr'>Dominica</span> <span class='ocrx_word' id='word_1_49' title='bbox 565 1413 593 1495; x_wconf 82' lang='lat' dir='ltr'>j.</span> <span class='ocrx_word' id='word_1_50' title='bbox 605 1422 678 1495; x_wconf 79' lang='lat' dir='ltr'>poet</span> <span class='ocrx_word' id='word_1_51' title='bbox 692 1410 844 1474; x_wconf 76' lang='lat' dir='ltr'>Natalem</span> <span class='ocrx_word' id='word_1_52' title='bbox 857 1410 999 1472; x_wconf 87' lang='lat' dir='ltr'>Domini.</span> <span class='ocrx_word' id='word_1_53' title='bbox 1019 1409 1020 1412; x_wconf 61' lang='grc'>’</span> 
     </span>
    </p>
   </div>
   <div class='ocr_carea' id='block_1_5' title="bbox 115 1565 1303 2697">
    <p class='ocr_par' dir='ltr' id='par_1_7' title="bbox 115 1565 1303 1850">
     <span class='ocr_line' id='line_1_10' title="bbox 159 1565 1303 1668; baseline 0 -24"><span class='ocrx_word' id='word_1_54' title='bbox 159 1581 254 1659; x_wconf 87' lang='lat' dir='ltr'>Deus,</span> <span class='ocrx_word' id='word_1_55' title='bbox 272 1581 326 1667; x_wconf 91' lang='lat' dir='ltr'>qui</span> <span class='ocrx_word' id='word_1_56' title='bbox 344 1580 420 1644; x_wconf 88' lang='lat' dir='ltr'>Filii</span> <span class='ocrx_word' id='word_1_57' title='bbox 435 1581 482 1644; x_wconf 90' lang='lat' dir='ltr'>sui</span> <span class='ocrx_word' id='word_1_58' title='bbox 498 1582 702 1667; x_wconf 83' lang='lat' dir='ltr'>temporalem</span> <span class='ocrx_word' id='word_1_59' title='bbox 716 1582 885 1668; x_wconf 89' lang='lat' dir='ltr'>pueritiam</span> <span class='ocrx_word' id='word_1_60' title='bbox 908 1565 983 1645; x_wconf 80' lang='lat' dir='ltr'>feeit</span> <span class='ocrx_word' id='word_1_61' title='bbox 999 1604 1062 1647; x_wconf 90' lang='lat' dir='ltr'>esse</span> <span class='ocrx_word' id='word_1_62' title='bbox 1078 1581 1267 1658; x_wconf 88' lang='lat' dir='ltr'>mirabilem,</span> <span class='ocrx_word' id='word_1_63' title='bbox 1300 1595 1303 1600; x_wconf 72' lang='grc'>“</span> 
     </span>
     <span class='ocr_line' id='line_1_11' title="bbox 115 1683 1269 1771; baseline 0.001 -25"><span class='ocrx_word' id='word_1_64' title='bbox 115 1683 227 1769; x_wconf 86' lang='lat' dir='ltr'>spiritu</span> <span class='ocrx_word' id='word_1_65' title='bbox 251 1683 425 1770; x_wconf 84' lang='lat' dir='ltr'>prudentiae</span> <span class='ocrx_word' id='word_1_66' title='bbox 460 1684 553 1747; x_wconf 89' lang='lat' dir='ltr'>corda</span> <span class='ocrx_word' id='word_1_67' title='bbox 582 1698 685 1749; x_wconf 81' lang='lat' dir='ltr'>vestra</span> <span class='ocrx_word' id='word_1_68' title='bbox 715 1686 871 1751; x_wconf 88' lang='lat' dir='ltr'>illustrare</span> <span class='ocrx_word' id='word_1_69' title='bbox 906 1708 942 1748; x_wconf 92' lang='lat' dir='ltr'>ac</span> <span class='ocrx_word' id='word_1_70' title='bbox 972 1686 1082 1749; x_wconf 87' lang='lat' dir='ltr'>docere</span> <span class='ocrx_word' id='word_1_71' title='bbox 1112 1685 1269 1771; x_wconf 85' lang='lat' dir='ltr'>dignetur.</span> 
     </span>
     <span class='ocr_line' id='line_1_12' title="bbox 115 1786 234 1850; baseline -0.008 0"><span class='ocrx_word' id='word_1_72' title='bbox 115 1786 234 1850; x_wconf 86' lang='lat' dir='ltr'>Amen.</span> 
     </span>
    </p>

    <p class='ocr_par' dir='ltr' id='par_1_8' title="bbox 116 1889 1271 2079">
     <span class='ocr_line' id='line_1_13' title="bbox 162 1889 1271 1977; baseline 0.004 -26"><span class='ocrx_word' id='word_1_73' title='bbox 162 1889 285 1975; x_wconf 78' lang='lat' dir='ltr'>Quique</span> <span class='ocrx_word' id='word_1_74' title='bbox 312 1890 403 1952; x_wconf 91' lang='lat' dir='ltr'>illum</span> <span class='ocrx_word' id='word_1_75' title='bbox 426 1889 607 1974; x_wconf 89' lang='lat' dir='ltr'>parentibus</span> <span class='ocrx_word' id='word_1_76' title='bbox 632 1891 844 1977; x_wconf 83' lang='lat' dir='ltr'>temporaliter</span> <span class='ocrx_word' id='word_1_77' title='bbox 868 1890 959 1956; x_wconf 92' lang='lat' dir='ltr'>subdi</span> <span class='ocrx_word' id='word_1_78' title='bbox 984 1891 1097 1968; x_wconf 86' lang='lat' dir='ltr'>voluit,</span> <span class='ocrx_word' id='word_1_79' title='bbox 1126 1891 1191 1977; x_wconf 91' lang='lat' dir='ltr'>ipse</span> <span class='ocrx_word' id='word_1_80' title='bbox 1215 1914 1271 1956; x_wconf 89' lang='lat' dir='ltr'>vos</span> 
     </span>
     <span class='ocr_line' id='line_1_14' title="bbox 116 1977 1217 2079; baseline 0.001 -24"><span class='ocrx_word' id='word_1_81' title='bbox 116 1993 304 2056; x_wconf 88' lang='lat' dir='ltr'>humilitatis</span> <span class='ocrx_word' id='word_1_82' title='bbox 319 2004 350 2056; x_wconf 90' lang='lat' dir='ltr'>et</span> <span class='ocrx_word' id='word_1_83' title='bbox 361 1993 485 2079; x_wconf 87' lang='lat' dir='ltr'>pietatis</span> <span class='ocrx_word' id='word_1_84' title='bbox 500 1994 681 2059; x_wconf 88' lang='lat' dir='ltr'>muneribus</span> <span class='ocrx_word' id='word_1_85' title='bbox 696 1978 882 2059; x_wconf 88' lang='lat' dir='ltr'>mirabiliter</span> <span class='ocrx_word' id='word_1_86' title='bbox 897 1977 1054 2062; x_wconf 74' lang='lat' dir='ltr'>informet.</span> <span class='ocrx_word' id='word_1_87' title='bbox 1101 1995 1217 2057; x_wconf 88' lang='lat' dir='ltr'>Amen.</span> 
     </span>
    </p>

    <p class='ocr_par' dir='ltr' id='par_1_9' title="bbox 117 2095 1273 2492">
     <span class='ocr_line' id='line_1_15' title="bbox 161 2095 1271 2184; baseline 0.001 -25"><span class='ocrx_word' id='word_1_88' title='bbox 161 2096 204 2159; x_wconf 89' lang='lat' dir='ltr'>Et</span> <span class='ocrx_word' id='word_1_89' title='bbox 230 2095 284 2181; x_wconf 91' lang='lat' dir='ltr'>qui</span> <span class='ocrx_word' id='word_1_90' title='bbox 311 2118 384 2159; x_wconf 94' lang='lat' dir='ltr'>eum</span> <span class='ocrx_word' id='word_1_91' title='bbox 405 2096 567 2181; x_wconf 89' lang='lat' dir='ltr'>sapientia,</span> <span class='ocrx_word' id='word_1_92' title='bbox 583 2110 673 2161; x_wconf 89' lang='lat' dir='ltr'>aetate</span> <span class='ocrx_word' id='word_1_93' title='bbox 692 2109 724 2161; x_wconf 87' lang='lat' dir='ltr'>et</span> <span class='ocrx_word' id='word_1_94' title='bbox 744 2097 846 2184; x_wconf 86' lang='lat' dir='ltr'>gratia</span> <span class='ocrx_word' id='word_1_95' title='bbox 870 2096 1019 2183; x_wconf 87' lang='lat' dir='ltr'>proficere</span> <span class='ocrx_word' id='word_1_96' title='bbox 1043 2097 1166 2175; x_wconf 87' lang='lat' dir='ltr'>tribuit,</span> <span class='ocrx_word' id='word_1_97' title='bbox 1182 2098 1271 2184; x_wconf 89' lang='lat' dir='ltr'>spiri-</span> 
     </span>
     <span class='ocr_line' id='line_1_16' title="bbox 117 2198 1271 2285; baseline 0.001 -24"><span class='ocrx_word' id='word_1_98' title='bbox 117 2198 228 2261; x_wconf 86' lang='lat' dir='ltr'>talium</span> <span class='ocrx_word' id='word_1_99' title='bbox 243 2198 333 2262; x_wconf 89' lang='lat' dir='ltr'>vobis</span> <span class='ocrx_word' id='word_1_100' title='bbox 347 2198 543 2284; x_wconf 85' lang='lat' dir='ltr'>profectuum</span> <span class='ocrx_word' id='word_1_101' title='bbox 559 2199 752 2263; x_wconf 89' lang='lat' dir='ltr'>incrementa</span> <span class='ocrx_word' id='word_1_102' title='bbox 774 2199 928 2285; x_wconf 90' lang='lat' dir='ltr'>propitius</span> <span class='ocrx_word' id='word_1_103' title='bbox 950 2200 1110 2285; x_wconf 88' lang='lat' dir='ltr'>largiatur.</span> <span class='ocrx_word' id='word_1_104' title='bbox 1157 2200 1271 2262; x_wconf 88' lang='lat' dir='ltr'>Amen.</span> 
     </span>
     <span class='ocr_line' id='line_1_17' title="bbox 120 2301 1273 2388; baseline 0.001 -23"><span class='ocrx_word' id='word_1_105' title='bbox 120 2371 123 2377; x_wconf 60' lang='grc'><em>,</em></span> <span class='ocrx_word' id='word_1_106' title='bbox 163 2302 255 2382; x_wconf 74' lang='lat' dir='ltr'>Quod</span> <span class='ocrx_word' id='word_1_107' title='bbox 270 2302 335 2388; x_wconf 90' lang='lat' dir='ltr'>ipse</span> <span class='ocrx_word' id='word_1_108' title='bbox 350 2314 486 2387; x_wconf 88' lang='lat' dir='ltr'>prestare</span> <span class='ocrx_word' id='word_1_109' title='bbox 502 2301 660 2388; x_wconf 82' lang='lat' dir='ltr'>dignetur,</span> <span class='ocrx_word' id='word_1_110' title='bbox 681 2304 769 2387; x_wconf 87' lang='lat' dir='ltr'>cujus</span> <span class='ocrx_word' id='word_1_111' title='bbox 795 2326 929 2388; x_wconf 89' lang='lat' dir='ltr'>regnum</span> <span class='ocrx_word' id='word_1_112' title='bbox 955 2314 987 2366; x_wconf 89' lang='lat' dir='ltr'>et</span> <span class='ocrx_word' id='word_1_113' title='bbox 1013 2302 1182 2388; x_wconf 90' lang='lat' dir='ltr'>imperium</span> <span class='ocrx_word' id='word_1_114' title='bbox 1206 2303 1273 2366; x_wconf 89' lang='lat' dir='ltr'>sine</span> 
     </span>
     <span class='ocr_line' id='line_1_18' title="bbox 117 2404 904 2492; baseline -0.001 -24"><span class='ocrx_word' id='word_1_115' title='bbox 117 2404 179 2469; x_wconf 87' lang='lat' dir='ltr'>fine</span> <span class='ocrx_word' id='word_1_116' title='bbox 195 2418 359 2492; x_wconf 88' lang='lat' dir='ltr'>permanet</span> <span class='ocrx_word' id='word_1_117' title='bbox 374 2405 408 2468; x_wconf 90' lang='lat' dir='ltr'>in</span> <span class='ocrx_word' id='word_1_118' title='bbox 425 2406 535 2469; x_wconf 86' lang='lat' dir='ltr'>saecula</span> <span class='ocrx_word' id='word_1_119' title='bbox 550 2406 741 2469; x_wconf 86' lang='lat' dir='ltr'>saeculorum.</span> <span class='ocrx_word' id='word_1_120' title='bbox 788 2407 904 2469; x_wconf 88' lang='lat' dir='ltr'>Amen.</span> 
     </span>
    </p>

    <p class='ocr_par' dir='ltr' id='par_1_10' title="bbox 120 2507 1273 2697">
     <span class='ocr_line' id='line_1_19' title="bbox 161 2507 1273 2594; baseline -0.002 -22"><span class='ocrx_word' id='word_1_121' title='bbox 161 2509 346 2573; x_wconf 85' lang='lat' dir='ltr'>Benedictio</span> <span class='ocrx_word' id='word_1_122' title='bbox 373 2509 445 2587; x_wconf 92' lang='lat' dir='ltr'>Dei,</span> <span class='ocrx_word' id='word_1_123' title='bbox 475 2509 586 2587; x_wconf 89' lang='lat' dir='ltr'>Patris,</span> <span class='ocrx_word' id='word_1_124' title='bbox 614 2522 645 2573; x_wconf 87' lang='lat' dir='ltr'>et</span> <span class='ocrx_word' id='word_1_125' title='bbox 673 2508 761 2586; x_wconf 90' lang='lat' dir='ltr'>Filii,</span> <span class='ocrx_word' id='word_1_126' title='bbox 792 2521 825 2573; x_wconf 89' lang='lat' dir='ltr'>et</span> <span class='ocrx_word' id='word_1_127' title='bbox 849 2508 984 2594; x_wconf 86' lang='lat' dir='ltr'>Spiritus</span> <span class='ocrx_word' id='word_1_128' title='bbox 1002 2507 1120 2586; x_wconf 88' lang='lat' dir='ltr'>Sancti,</span> <span class='ocrx_word' id='word_1_129' title='bbox 1152 2519 1184 2571; x_wconf 92' lang='lat' dir='ltr'>et</span> <span class='ocrx_word' id='word_1_130' title='bbox 1209 2530 1273 2593; x_wconf 85' lang='lat' dir='ltr'>pax</span> 
     </span>
     <span class='ocr_line' id='line_1_20' title="bbox 120 2610 628 2697; baseline 0.002 -24"><span class='ocrx_word' id='word_1_131' title='bbox 120 2610 249 2674; x_wconf 89' lang='lat' dir='ltr'>Domini</span> <span class='ocrx_word' id='word_1_132' title='bbox 265 2612 305 2675; x_wconf 85' lang='lat' dir='ltr'>sit</span> <span class='ocrx_word' id='word_1_133' title='bbox 320 2635 441 2697; x_wconf 87' lang='lat' dir='ltr'>semper</span> <span class='ocrx_word' id='word_1_134' title='bbox 456 2612 628 2676; x_wconf 89' lang='lat' dir='ltr'>vobiscum.</span> 
     </span>
    </p>
   </div>
   <div class='ocr_carea' id='block_1_6' title="bbox 354 2816 1033 2904">
    <p class='ocr_par' dir='ltr' id='par_1_11' title="bbox 354 2816 1033 2904">
     <span class='ocr_line' id='line_1_21' title="bbox 354 2816 1033 2904; baseline 0.003 -26"><span class='ocrx_word' id='word_1_135' title='bbox 354 2816 523 2880; x_wconf 85' lang='lat' dir='ltr'>Dominiaa</span> <span class='ocrx_word' id='word_1_136' title='bbox 532 2819 559 2901; x_wconf 83' lang='lat' dir='ltr'>j.</span> <span class='ocrx_word' id='word_1_137' title='bbox 570 2828 644 2904; x_wconf 80' lang='lat' dir='ltr'>post</span> <span class='ocrx_word' id='word_1_138' title='bbox 657 2818 876 2903; x_wconf 78' lang='lat' dir='ltr'>Epiphaniam</span> <span class='ocrx_word' id='word_1_139' title='bbox 890 2818 1033 2882; x_wconf 81' lang='lat' dir='ltr'>Domini.</span> 
     </span>
    </p>
   </div>
   <div class='ocr_carea' id='block_1_7' title="bbox 119 2989 1274 3285">
    <p class='ocr_par' dir='ltr' id='par_1_12' title="bbox 119 2989 1274 3285">
     <span class='ocr_line' id='line_1_22' title="bbox 163 2989 1274 3085; baseline 0.004 -33"><span class='ocrx_word' id='word_1_140' title='bbox 163 2989 258 3068; x_wconf 91' lang='lat' dir='ltr'>Deus,</span> <span class='ocrx_word' id='word_1_141' title='bbox 272 2989 327 3076; x_wconf 92' lang='lat' dir='ltr'>qui</span> <span class='ocrx_word' id='word_1_142' title='bbox 338 3013 393 3053; x_wconf 89' lang='lat' dir='ltr'>sua</span> <span class='ocrx_word' id='word_1_143' title='bbox 407 2989 546 3054; x_wconf 88' lang='lat' dir='ltr'>mirabili</span> <span class='ocrx_word' id='word_1_144' title='bbox 560 3001 712 3085; x_wconf 85' lang='lat' dir='ltr'>potestate</span> <span class='ocrx_word' id='word_1_145' title='bbox 728 3013 840 3075; x_wconf 86' lang='lat' dir='ltr'>aquam</span> <span class='ocrx_word' id='word_1_146' title='bbox 856 2991 952 3054; x_wconf 88' lang='lat' dir='ltr'>vertit</span> <span class='ocrx_word' id='word_1_147' title='bbox 976 2990 1009 3052; x_wconf 92' lang='lat' dir='ltr'>in</span> <span class='ocrx_word' id='word_1_148' title='bbox 1030 2991 1153 3067; x_wconf 93' lang='lat' dir='ltr'>vinum,</span> <span class='ocrx_word' id='word_1_149' title='bbox 1179 3013 1234 3055; x_wconf 86' lang='lat' dir='ltr'>vos</span> <span class='ocrx_word' id='word_1_150' title='bbox 1256 3015 1274 3055; x_wconf 91' lang='lat' dir='ltr'>a</span> 
     </span>
     <span class='ocr_line' id='line_1_23' title="bbox 119 3092 1240 3158; baseline 0.004 -5"><span class='ocrx_word' id='word_1_151' title='bbox 119 3103 271 3156; x_wconf 86' lang='lat' dir='ltr'>vetustate</span> <span class='ocrx_word' id='word_1_152' title='bbox 287 3094 458 3157; x_wconf 89' lang='lat' dir='ltr'>subtractos</span> <span class='ocrx_word' id='word_1_153' title='bbox 473 3092 507 3156; x_wconf 91' lang='lat' dir='ltr'>in</span> <span class='ocrx_word' id='word_1_154' title='bbox 522 3093 620 3157; x_wconf 85' lang='lat' dir='ltr'>beatae</span> <span class='ocrx_word' id='word_1_155' title='bbox 635 3093 707 3156; x_wconf 86' lang='lat' dir='ltr'>vitae</span> <span class='ocrx_word' id='word_1_156' title='bbox 719 3093 883 3157; x_wconf 86' lang='lat' dir='ltr'>transferat</span> <span class='ocrx_word' id='word_1_157' title='bbox 895 3094 1079 3158; x_wconf 86' lang='lat' dir='ltr'>novitatem.</span> <span class='ocrx_word' id='word_1_158' title='bbox 1125 3093 1240 3158; x_wconf 88' lang='lat' dir='ltr'>Amen.</span> 
     </span>
     <span class='ocr_line' id='line_1_24' title="bbox 165 3196 1273 3285; baseline 0.003 -26"><span class='ocrx_word' id='word_1_159' title='bbox 165 3196 207 3259; x_wconf 87' lang='lat' dir='ltr'>Et</span> <span class='ocrx_word' id='word_1_160' title='bbox 222 3197 277 3283; x_wconf 90' lang='lat' dir='ltr'>qui</span> <span class='ocrx_word' id='word_1_161' title='bbox 292 3196 411 3282; x_wconf 90' lang='lat' dir='ltr'>nuptiis</span> <span class='ocrx_word' id='word_1_162' title='bbox 426 3198 575 3260; x_wconf 87' lang='lat' dir='ltr'>interesse</span> <span class='ocrx_word' id='word_1_163' title='bbox 591 3197 704 3272; x_wconf 90' lang='lat' dir='ltr'>voluit,</span> <span class='ocrx_word' id='word_1_164' title='bbox 721 3208 757 3260; x_wconf 87' lang='lat' dir='ltr'>ut</span> <span class='ocrx_word' id='word_1_165' title='bbox 769 3221 875 3261; x_wconf 89' lang='lat' dir='ltr'>earum</span> <span class='ocrx_word' id='word_1_166' title='bbox 891 3221 945 3262; x_wconf 92' lang='lat' dir='ltr'>sua</span> <span class='ocrx_word' id='word_1_167' title='bbox 960 3199 1116 3285; x_wconf 88' lang='lat' dir='ltr'>presentia</span> <span class='ocrx_word' id='word_1_168' title='bbox 1131 3222 1273 3284; x_wconf 91' lang='lat' dir='ltr'>compro-</span> 
     </span>
    </p>
   </div>
   <div class='ocr_carea' id='block_1_8' title="bbox 119 3297 1274 3464">
    <p class='ocr_par' dir='ltr' id='par_1_13' title="bbox 119 3297 1274 3464">
     <span class='ocr_line' id='line_1_25' title="bbox 119 3297 1274 3391; baseline 0.005 -31"><span class='ocrx_word' id='word_1_169' title='bbox 119 3297 206 3362; x_wconf 90' lang='lat' dir='ltr'>baret</span> <span class='ocrx_word' id='word_1_170' title='bbox 220 3300 350 3377; x_wconf 89' lang='lat' dir='ltr'>bonum,</span> <span class='ocrx_word' id='word_1_171' title='bbox 375 3300 441 3386; x_wconf 91' lang='lat' dir='ltr'>ipse</span> <span class='ocrx_word' id='word_1_172' title='bbox 457 3299 547 3365; x_wconf 88' lang='lat' dir='ltr'>vobis</span> <span class='ocrx_word' id='word_1_173' title='bbox 564 3301 713 3364; x_wconf 90' lang='lat' dir='ltr'>castitatis</span> <span class='ocrx_word' id='word_1_174' title='bbox 728 3313 760 3363; x_wconf 89' lang='lat' dir='ltr'>et</span> <span class='ocrx_word' id='word_1_175' title='bbox 775 3301 949 3365; x_wconf 88' lang='lat' dir='ltr'>sobrietatis</span> <span class='ocrx_word' id='word_1_176' title='bbox 963 3315 1120 3391; x_wconf 84' lang='lat' dir='ltr'>perpetuae</span> <span class='ocrx_word' id='word_1_177' title='bbox 1135 3301 1274 3366; x_wconf 85' lang='lat' dir='ltr'>conferat</span> 
     </span>
     <span class='ocr_line' id='line_1_26' title="bbox 121 3400 409 3464; baseline 0.007 -2"><span class='ocrx_word' id='word_1_178' title='bbox 121 3400 247 3463; x_wconf 89' lang='lat' dir='ltr'>donum.</span> <span class='ocrx_word' id='word_1_179' title='bbox 294 3402 409 3464; x_wconf 91' lang='lat' dir='ltr'>Amen.</span> 
     </span>
    </p>
   </div>
   <div class='ocr_carea' id='block_1_9' title="bbox 122 3504 1275 3774">
    <p class='ocr_par' dir='ltr' id='par_1_14' title="bbox 122 3504 1275 3774">
     <span class='ocr_line' id='line_1_27' title="bbox 166 3504 1275 3592; baseline 0.005 -27"><span class='ocrx_word' id='word_1_180' title='bbox 166 3504 235 3590; x_wconf 91' lang='lat' dir='ltr'>lpse</span> <span class='ocrx_word' id='word_1_181' title='bbox 250 3504 345 3567; x_wconf 87' lang='lat' dir='ltr'>etiam</span> <span class='ocrx_word' id='word_1_182' title='bbox 361 3505 450 3568; x_wconf 90' lang='lat' dir='ltr'>vobis</span> <span class='ocrx_word' id='word_1_183' title='bbox 465 3515 641 3567; x_wconf 90' lang='lat' dir='ltr'>sanctarum</span> <span class='ocrx_word' id='word_1_184' title='bbox 657 3505 880 3588; x_wconf 90' lang='lat' dir='ltr'>scripturarum</span> <span class='ocrx_word' id='word_1_185' title='bbox 897 3505 1145 3592; x_wconf 84' lang='lat' dir='ltr'>intellegentiam</span> <span class='ocrx_word' id='word_1_186' title='bbox 1158 3506 1275 3571; x_wconf 89' lang='lat' dir='ltr'>tribuat</span> 
     </span>
     <span class='ocr_line' id='line_1_28' title="bbox 122 3605 1274 3696; baseline 0.002 -28"><span class='ocrx_word' id='word_1_187' title='bbox 122 3607 304 3692; x_wconf 89' lang='lat' dir='ltr'>spiritalem,</span> <span class='ocrx_word' id='word_1_188' title='bbox 320 3607 375 3692; x_wconf 88' lang='lat' dir='ltr'>qui</span> <span class='ocrx_word' id='word_1_189' title='bbox 396 3630 491 3693; x_wconf 89' lang='lat' dir='ltr'>aquas</span> <span class='ocrx_word' id='word_1_190' title='bbox 506 3607 540 3669; x_wconf 91' lang='lat' dir='ltr'>in</span> <span class='ocrx_word' id='word_1_191' title='bbox 554 3607 667 3669; x_wconf 89' lang='lat' dir='ltr'>vinum</span> <span class='ocrx_word' id='word_1_192' title='bbox 682 3605 834 3669; x_wconf 87' lang='lat' dir='ltr'>vertendo</span> <span class='ocrx_word' id='word_1_193' title='bbox 854 3606 914 3671; x_wconf 91' lang='lat' dir='ltr'>hoc</span> <span class='ocrx_word' id='word_1_194' title='bbox 930 3608 1033 3694; x_wconf 88' lang='lat' dir='ltr'>ipsum</span> <span class='ocrx_word' id='word_1_195' title='bbox 1051 3606 1153 3670; x_wconf 87' lang='lat' dir='ltr'>voluit</span> <span class='ocrx_word' id='word_1_196' title='bbox 1173 3608 1274 3696; x_wconf 84' lang='lat' dir='ltr'>desig-</span> 
     </span>
     <span class='ocr_line' id='line_1_29' title="bbox 123 3710 368 3774; baseline 0 -3"><span class='ocrx_word' id='word_1_197' title='bbox 123 3733 206 3774; x_wconf 89' lang='lat' dir='ltr'>nare.</span> <span class='ocrx_word' id='word_1_198' title='bbox 252 3710 368 3772; x_wconf 86' lang='lat' dir='ltr'>Amen.</span> 
     </span>
    </p>
   </div>
   <div class='ocr_carea' id='block_1_10' title="bbox 123 3809 1276 3995">
    <p class='ocr_par' dir='ltr' id='par_1_15' title="bbox 123 3809 1276 3995">
     <span class='ocr_line' id='line_1_30' title="bbox 169 3809 1276 3899; baseline 0.002 -22"><span class='ocrx_word' id='word_1_199' title='bbox 169 3814 260 3893; x_wconf 85' lang='lat' dir='ltr'>Quod</span> <span class='ocrx_word' id='word_1_200' title='bbox 276 3813 342 3898; x_wconf 90' lang='lat' dir='ltr'>ipse</span> <span class='ocrx_word' id='word_1_201' title='bbox 358 3824 493 3899; x_wconf 88' lang='lat' dir='ltr'>prestare</span> <span class='ocrx_word' id='word_1_202' title='bbox 503 3811 664 3899; x_wconf 87' lang='lat' dir='ltr'>dignetur,</span> <span class='ocrx_word' id='word_1_203' title='bbox 682 3809 771 3893; x_wconf 87' lang='lat' dir='ltr'>cujus</span> <span class='ocrx_word' id='word_1_204' title='bbox 782 3832 925 3895; x_wconf 91' lang='lat' dir='ltr'>regnum.</span> <span class='ocrx_word' id='word_1_205' title='bbox 961 3811 1077 3876; x_wconf 81' lang='lat' dir='ltr'>Amen.</span> <span class='ocrx_word' id='word_1_206' title='bbox 1123 3813 1276 3880; x_wconf 89' lang='lat' dir='ltr'>Benedic-</span> 
     </span>
     <span class='ocr_line' id='line_1_31' title="bbox 123 3915 383 3995; baseline 0.004 -18"><span class='ocrx_word' id='word_1_207' title='bbox 123 3915 167 3979; x_wconf 89' lang='lat' dir='ltr'>tio</span> <span class='ocrx_word' id='word_1_208' title='bbox 184 3916 256 3995; x_wconf 89' lang='lat' dir='ltr'>Dei,</span> <span class='ocrx_word' id='word_1_209' title='bbox 275 3916 383 3979; x_wconf 90' lang='lat' dir='ltr'>Patris.</span> 
     </span>
    </p>
   </div>
   <div class='ocr_carea' id='block_1_11' title="bbox 357 4116 1049 4205">
    <p class='ocr_par' dir='ltr' id='par_1_16' title="bbox 357 4116 1049 4205">
     <span class='ocr_line' id='line_1_32' title="bbox 357 4116 1049 4205; baseline -0.003 -21"><span class='ocrx_word' id='word_1_210' title='bbox 357 4121 527 4184; x_wconf 88' lang='lat' dir='ltr'>Dominiea</span> <span class='ocrx_word' id='word_1_211' title='bbox 542 4121 576 4205; x_wconf 85' lang='lat' dir='ltr'>ij.</span> <span class='ocrx_word' id='word_1_212' title='bbox 587 4127 661 4204; x_wconf 78' lang='lat' dir='ltr'>post</span> <span class='ocrx_word' id='word_1_213' title='bbox 675 4116 893 4203; x_wconf 77' lang='lat' dir='ltr'>Epiphaniam</span> <span class='ocrx_word' id='word_1_214' title='bbox 907 4121 1049 4184; x_wconf 90' lang='lat' dir='ltr'>Domini.</span> 
     </span>
    </p>
   </div>
   <div class='ocr_carea' id='block_1_12' title="bbox 126 4270 1281 4546">
    <p class='ocr_par' dir='ltr' id='par_1_17' title="bbox 126 4270 1281 4546">
     <span class='ocr_line' id='line_1_33' title="bbox 171 4270 1280 4360; baseline 0 -21"><span class='ocrx_word' id='word_1_215' title='bbox 171 4274 377 4360; x_wconf 82' lang='lat' dir='ltr'>Omnipotens</span> <span class='ocrx_word' id='word_1_216' title='bbox 394 4274 479 4336; x_wconf 90' lang='lat' dir='ltr'>Deus</span> <span class='ocrx_word' id='word_1_217' title='bbox 493 4294 549 4334; x_wconf 88' lang='lat' dir='ltr'>vos</span> <span class='ocrx_word' id='word_1_218' title='bbox 569 4270 608 4335; x_wconf 89' lang='lat' dir='ltr'>ab</span> <span class='ocrx_word' id='word_1_219' title='bbox 630 4270 774 4333; x_wconf 91' lang='lat' dir='ltr'>omnium</span> <span class='ocrx_word' id='word_1_220' title='bbox 797 4286 997 4357; x_wconf 87' lang='lat' dir='ltr'>peecatorum</span> <span class='ocrx_word' id='word_1_221' title='bbox 1019 4272 1150 4336; x_wconf 88' lang='lat' dir='ltr'>maculis</span> <span class='ocrx_word' id='word_1_222' title='bbox 1171 4294 1280 4339; x_wconf 89' lang='lat' dir='ltr'>emun-</span> 
     </span>
     <span class='ocr_line' id='line_1_34' title="bbox 126 4375 1281 4468; baseline 0.003 -29"><span class='ocrx_word' id='word_1_223' title='bbox 126 4377 189 4456; x_wconf 89' lang='lat' dir='ltr'>det,</span> <span class='ocrx_word' id='word_1_224' title='bbox 207 4379 262 4465; x_wconf 93' lang='lat' dir='ltr'>qui</span> <span class='ocrx_word' id='word_1_225' title='bbox 278 4379 434 4464; x_wconf 88' lang='lat' dir='ltr'>leprosum</span> <span class='ocrx_word' id='word_1_226' title='bbox 451 4375 624 4463; x_wconf 89' lang='lat' dir='ltr'>supplicem</span> <span class='ocrx_word' id='word_1_227' title='bbox 640 4385 727 4438; x_wconf 87' lang='lat' dir='ltr'>tactu</span> <span class='ocrx_word' id='word_1_228' title='bbox 742 4375 869 4461; x_wconf 92' lang='lat' dir='ltr'>proprio</span> <span class='ocrx_word' id='word_1_229' title='bbox 884 4378 1035 4468; x_wconf 87' lang='lat' dir='ltr'>dignatus</span> <span class='ocrx_word' id='word_1_230' title='bbox 1047 4389 1092 4442; x_wconf 89' lang='lat' dir='ltr'>est</span> <span class='ocrx_word' id='word_1_231' title='bbox 1102 4378 1281 4445; x_wconf 88' lang='lat' dir='ltr'>emundare.</span> 
     </span>
     <span class='ocr_line' id='line_1_35' title="bbox 127 4481 242 4546; baseline -0.009 -1"><span class='ocrx_word' id='word_1_232' title='bbox 127 4481 242 4546; x_wconf 87' lang='lat' dir='ltr'>Amen.</span> 
     </span>
    </p>
   </div>
   <div class='ocr_carea' id='block_1_13' title="bbox 0 0 1455 4934">
    <p class='ocr_par' dir='ltr' id='par_1_18' title="bbox 0 0 1455 4934">
     <span class='ocr_line' id='line_1_36' title="bbox 0 0 1455 4934; baseline 0 0"><span class='ocrx_word' id='word_1_233' title='bbox 0 0 1455 4934; x_wconf 95' lang='lat' dir='ltr'> </span> 
     </span>
    </p>
   </div>
  </div>
 </body>
</html>
