2866 4934
496 397 697 445 nnmcnrro
713 397 852 444 ronms.
1211 383 1252 442 53

148 549 236 614 Sicut
257 551 448 616 benedixisti
462 553 649 638 patriarchas
665 564 696 617 et
711 552 887 639 prophetas,
910 551 1074 638 apostolos,
1102 562 1253 636 martyres

101 663 133 715 et
148 653 344 733 confessores,
360 655 499 742 virgines
514 667 546 718 et
557 654 739 733 sacerdotes,
752 656 796 719 sic
811 655 953 733 benedic,
966 654 1113 732 Domine,
1124 677 1252 740 gregem

101 755 196 819 istum
212 758 266 843 qui
280 759 314 822 in
329 759 458 823 nomine
473 770 528 822 tuo
543 759 577 821 in
600 759 736 822 aecclesia
762 759 820 822 ista
843 758 938 822 hodie
962 770 1036 821 sunt
1060 757 1252 845 congregati.

102 858 218 923 Amen.

146 963 189 1026 Et
215 963 295 1027 sicut
320 963 457 1028 liberasti
481 976 543 1028 tres
568 987 680 1050 pueros
705 964 743 1028 de
770 965 893 1028 camino
918 965 1002 1051 ignis
1032 965 1168 1029 ardentis
1197 989 1253 1051 per

102 1067 249 1152 angelum
261 1078 363 1144 tuum,
376 1067 420 1131 sic
428 1068 536 1145 libera,
554 1068 701 1145 Domine,
718 1091 847 1153 gregem
863 1067 958 1131 istum
970 1068 1009 1132 de
1019 1068 1151 1146 infcm0,
1167 1069 1253 1132 etde

102 1169 219 1232 diaboli
234 1182 395 1256 potestate,
412 1182 444 1234 et
459 1170 497 1235 de
512 1183 634 1234 terrena
646 1170 828 1257 cupiditate,
845 1171 925 1234 etde
937 1171 1031 1234 variis
1042 1165 1252 1258 languoribus.

103 1273 220 1335 Arnen.
468 1352 470 1357 y

145 1377 253 1463 Culpis
275 1399 390 1463 parcas,
413 1388 540 1462 peccata
562 1375 712 1453 remittas,
735 1386 773 1439 ut
792 1377 926 1440 mundos
945 1388 976 1440 et
996 1375 1201 1440 inmaculatos
1217 1376 1252 1440 in

101 1478 152 1542 die
170 1480 285 1562 judicii
306 1479 435 1566 recipias
450 1479 542 1565 ipsos,
559 1479 639 1543 sicut
654 1479 797 1565 recepisti
814 1479 939 1542 Heliam
955 1491 987 1543 et
1004 1480 1092 1544 Enoc
1103 1481 1203 1565 justos
1218 1481 1252 1544 in

100 1605 198 1669 regno
220 1583 377 1647 coelorum.

146 1686 238 1766 Quod
252 1686 318 1772 ipse
332 1696 467 1772 prestare
483 1685 632 1772 digneris,
660 1685 715 1772 qui
739 1708 812 1748 cum
839 1686 930 1751 Patre
951 1697 983 1750 et
1001 1685 1120 1774 Spiritu
1138 1687 1252 1752 Sancto

100 1788 181 1852 vivis
193 1801 225 1852 et
239 1812 350 1875 regnas
366 1789 460 1852 Deus
506 1789 622 1851 Amen.

145 1892 330 1956 Benedictio
347 1892 419 1971 Dei,
438 1891 538 1980 Patris
553 1902 585 1955 et
602 1891 678 1955 Filii
693 1903 725 1956 et
744 1890 878 1978 Spiritus
896 1891 1011 1958 Sancti.

304 2151 392 2215 ITEM
414 2167 550 2216 ORATIO
573 2168 613 2214 IN
636 2167 886 2216 DEDICATIONE
909 2168 1048 2215 FONTIS.

146 2323 351 2409 Omnipotens
375 2318 562 2410 sempiterne
589 2322 684 2399 Deus,
707 2321 768 2386 hoc
782 2322 998 2408 baptisterium
1015 2323 1131 2386 coelesti
1146 2323 1252 2387 visita-

98 2427 183 2491 tione
209 2424 398 2505 dedicatum,
429 2426 563 2513 Spiritus
592 2424 641 2488 tui
663 2425 869 2490 illustratione
893 2426 1061 2504 sanctifica,
1092 2438 1129 2489 ut
1164 2450 1253 2512 quos-

99 2553 232 2615 cumque
243 2529 377 2594 fonsiste
388 2530 548 2593 lavaturus
559 2540 605 2592 est
614 2528 696 2592 trina
705 2529 865 2593 ablutione
880 2529 1006 2615 purgati
1022 2527 1252 2616 indulgentiam
1355 2590 1357 2594 ,

100 2633 242 2696 omnium
258 2631 442 2695 delictorum
457 2645 513 2696 tuo
528 2655 657 2695 munere
673 2643 910 2718 consequantur.
957 2632 1024 2696 Per.

633 2802 722 2866 Alia.

145 2944 351 3030 Omnipotens
381 2942 569 3029 sempiterne
611 2942 707 3019 Deus,
734 2942 803 3005 fons
836 2942 978 3005 omnium
1016 2942 1182 3022 virtutum,
1220 2958 1253 3010 et

99 3048 264 3134 plenitudo
278 3047 461 3135 gratiarum,
478 3046 609 3132 dignare
619 3045 727 3108 eadem
737 3044 800 3131 (vel
810 3045 962 3130 eundem)
977 3069 1062 3110 sacro
1074 3047 1253 3133 baptismati

99 3164 297 3238 preparatum
315 3150 497 3234 majestatis
520 3163 582 3214 tuae
605 3149 759 3236 presentia
786 3171 973 3227 consecrare,
994 3161 1029 3213 ut
1055 3151 1110 3237 qui
1136 3152 1253 3237 ubique
1310 3146 1312 3150 Α

98 3267 181 3319 totus
196 3279 239 3333 es,
255 3256 350 3319 etiam
365 3254 418 3318 hic
433 3254 536 3318 adesse
550 3267 582 3318 te
597 3254 631 3316 in
647 3253 759 3317 nostris
781 3253 924 3340 precibus
946 3255 1124 3319 sentiamus.
1172 3256 1239 3320 Per.

497 3426 573 3488 Post
594 3427 844 3489 communionem.

145 3559 284 3645 Suscipe,
300 3580 475 3645 quaesumus
500 3557 647 3634 Domine,
673 3579 778 3643 preces
802 3568 920 3620 nostras
949 3580 1021 3620 cum
1046 3558 1255 3622 oblationibus

97 3662 350 3749 supplicantium,
381 3673 413 3725 et
443 3661 577 3726 concede
606 3648 770 3758 propitius,
808 3671 844 3722 ut
870 3659 1020 3745 quicquid
1050 3660 1104 3724 hic
1133 3684 1251 3724 novum

97 3765 302 3852 regenerandi
328 3788 384 3850 per
410 3764 562 3850 Spiritum
593 3763 742 3827 Sanctum
769 3762 955 3848 acceperint,
982 3774 1037 3826 tua
1066 3763 1167 3849 gratia
1197 3761 1252 3827 fiat

98 3880 261 3933 aeternum.
309 3869 376 3931 Per.

499 4039 575 4102 Post
597 4038 844 4100 communionem.

141 4177 329 4264 Multiplica,
341 4177 489 4254 Domine,
505 4173 756 4238 benedictionem
771 4187 870 4252 tuam,
895 4186 926 4238 et
950 4198 1005 4260 per
1030 4174 1176 4261 spiritum
1201 4176 1249 4239 tui

96 4283 234 4346 muneris
249 4282 343 4345 fidem
359 4292 496 4344 nostram
512 4279 686 4356 corrobora,
712 4290 748 4341 ut
774 4277 829 4364 qui
853 4278 887 4340 in
907 4277 973 4341 lraec
989 4276 1107 4343 fluenta
1123 4277 1248 4343 descen-

97 4386 211 4465 derint,
228 4386 262 4449 in
278 4385 358 4450 libro
373 4385 445 4449 vitae
457 4381 589 4448 adscribi
604 4394 790 4445 mercantur.
837 4381 905 4445 Per.
