2866 4934
127 370 168 430 70
460 384 704 433 ronrrrrcnnn
720 383 943 431 recensum.

123 560 249 601 manere
280 558 375 622 usquo
405 538 439 600 in
469 538 565 605 linem
592 540 706 618 seculi,
731 537 901 604 secuudum
930 560 1033 603 suam
1064 541 1306 628 promissionem

123 641 271 705 sentietis.
316 641 431 705 Amen.

169 743 259 823 Quod
274 743 340 830 ipse
354 759 500 831 prestare.
546 747 662 811 Amen.

167 847 368 919 Benedictio„

397 1058 441 1120 In
455 1057 563 1142 vipilio
578 1058 772 1123 Pentecortcs.
815 1055 1013 1120 Benedictio.

167 1192 337 1258 Benedicat
363 1215 418 1256 vos
435 1191 642 1280 Omnipotens
667 1195 762 1271 Deus,
789 1192 829 1257 ob
853 1190 945 1274 cujus
972 1191 1143 1258 Paracliti
1175 1196 1304 1282 Spiritus

122 1297 292 1361 adventum
308 1309 428 1360 mentes
444 1308 559 1360 vestros
572 1297 689 1380 jejunii
713 1293 926 1361 observatione
951 1297 1158 1382 preparatis,
1184 1312 1218 1363 et
1241 1322 1302 1386 pre

122 1414 240 1465 sentem
257 1400 341 1463 diem
357 1399 580 1486 sollempnibus
595 1398 741 1463 laudibus
755 1396 920 1461 honoretis.
968 1397 1101 1464 Amen.

167 1503 221 1566 Ad
262 1502 359 1564 instar
391 1503 485 1566 modo
520 1515 698 1566 renatorum
732 1500 900 1565 infantium
933 1500 1038 1565 talem
1080 1504 1301 1570 innocentiam

121 1606 270 1682 habeatis,
293 1619 328 1667 ut
343 1605 497 1690 templum
516 1605 622 1669 Sancti
641 1605 775 1693 Spiritus
792 1604 858 1691 ipso
882 1602 1050 1669 tribuente
1070 1629 1145 1671 esse
1169 1609 1300 1696 possitis.

123 1710 239 1773 Amen.

166 1814 274 1899 Atque
302 1811 386 1874 idem
416 1811 550 1897 Spiritus
579 1810 710 1875 Sanctus
736 1811 780 1874 ite
806 1832 861 1873 vos
885 1807 983 1871 hodie
1010 1833 1073 1875 sua
1098 1810 1300 1878 habitatione

122 1916 234 2003 dignos
256 1914 381 1992 efficiat,
407 1925 442 1976 ut
466 1937 531 1977 eras
553 1937 585 1976 se
611 1913 722 1976 vestris
748 1912 904 1977 mentibus
933 1911 1111 1977 vobiscum
1141 1917 1300 2004 perpetim

120 2018 317 2083 habitaturus
341 2017 497 2094 infundet,
519 2029 555 2080 ut
578 2029 704 2103 perueto
719 2015 869 2104 presentis
892 2013 957 2077 vite
984 2016 1156 2082 curriculo
1185 2044 1243 2084 vos
1263 2020 1301 2083 ad

122 2121 244 2184 celestio
259 2143 355 2206 regna
370 2120 529 2205 perducet.
575 2120 691 2183 Amen.

167 2224 258 2304 Quod
273 2223 338 2309 ipse
353 2236 499 2310 prestare.
545 2221 660 2285 Amen.

166 2326 359 2392 Benedictio.

426 2533 469 2594 In
485 2533 533 2596 die
548 2535 743 2599 Pentecosten.
788 2531 973 2597 Benedictio.

166 2674 262 2752 Deus,
279 2672 335 2760 qui
349 2670 501 2734 hodierna
517 2670 568 2734 die
589 2670 815 2758 discipulorum
835 2681 954 2734 mentes
977 2666 1123 2755 Spiritus
1146 2673 1298 2740 Peracliti

122 2775 277 2840 infusione
289 2776 436 2862 dignatus
445 2786 491 2837 est
502 2774 677 2852 inlustrare,
690 2774 783 2838 faciat
794 2797 849 2837 vos
861 2796 915 2837 sua
925 2771 1157 2841 benedictione
1169 2779 1296 2867 repleri,

123 2893 154 2944 et
169 2882 309 2965 ejusdem
328 2878 462 2965 Spiritus
478 2877 568 2940 donis
583 2878 755 2942 exuberari.
800 2877 915 2941 Amen.

166 2982 224 3045 Ille
239 2981 333 3068 ignis,
350 2980 404 3066 qui
425 3003 515 3066 super
537 2980 703 3066 discipulos
724 2979 877 3065 apparuit,
893 2994 1097 3065 peccatorum
1113 2995 1297 3049 vestrorum

121 3084 225 3146 sordes
240 3094 405 3167 expurget,
429 3095 461 3144 et
483 3082 531 3144 sui
553 3083 682 3146 luminis
696 3082 851 3146 infusione
868 3080 961 3146 corda
980 3092 1086 3145 vestra
1110 3087 1296 3171 perlustret.

124 3184 249 3267 Amen.

169 3285 292 3371 Quique
307 3285 454 3371 dignatus
469 3296 515 3347 est
530 3285 743 3350 diversitatem
763 3286 944 3373 linguarum
959 3286 994 3348 in
1008 3286 1107 3352 unius
1123 3289 1206 3357 fidei
1222 3317 1296 3359 con-

122 3387 252 3453 fessione
267 3390 414 3466 adunare,
431 3388 464 3450 in
481 3388 590 3451 eadem
606 3413 661 3452 vos
676 3389 769 3452 faeiat
783 3388 847 3452 fide
861 3411 1069 3475 perseverare,
1085 3403 1121 3457 et
1136 3417 1198 3480 per
1212 3396 1296 3462 hanc

123 3492 161 3556 ab
177 3515 230 3579 spe
245 3493 286 3556 ad
299 3492 433 3579 speciem
448 3490 621 3576 pervenire.

168 3597 259 3676 Quod
274 3597 349 3684 ipse.
395 3596 512 3659 Amen.

168 3699 363 3765 Benedictio.
409 3699 526 3762 Amen.

310 3899 353 3959 In
368 3898 417 3959 die
432 3895 619 3958 Pentecostes
635 3894 678 3955 cd
692 3913 858 3978 vesperum.
903 3892 1091 3957 Benedictio.

166 4031 302 4096 Domine
315 4033 338 4097 J
339 4056 393 4097 esu
406 4029 541 4104 Christe,
551 4028 606 4111 qui
621 4027 781 4115 discipulis
796 4026 859 4090 tuis
873 4040 965 4092 tuum
980 4029 1137 4115 Spiritum
1147 4039 1296 4108 tribuisti
1314 4029 1317 4032 ⁵
1377 4104 1381 4110 .

121 4134 263 4196 eecclesiae
278 4146 339 4197 tuae
355 4131 517 4198 Catholiee
533 4128 614 4191 dona
629 4128 751 4214 largire.
797 4128 913 4192 Amen.
1229 4192 1233 4198 ,

166 4233 214 4294 Ut
228 4234 417 4320 quicumque
440 4243 514 4296 sunt
538 4252 579 4290 ex
599 4253 678 4313 aque.
704 4244 736 4295 et
762 4229 880 4316 Spiritu
899 4230 1012 4296 Sancto
1034 4239 1138 4302 renati
1164 4266 1296 4335 semper

121 4331 255 4396 induant
270 4335 336 4415 ejus
350 4335 544 4420 protectione
559 4330 685 4393 muniti.
732 4333 847 4396 Amen.
