2866 4934
127 388 170 445 80
470 404 713 452 rorrrrrcann
729 404 963 454 ncenunnrr.

175 554 262 620 Bella
274 558 471 642 comprimat,
485 560 598 625 samem
615 560 744 637 auferat,
754 582 865 647 pacem
884 561 1026 640 tribuat,
1042 562 1178 627 inimici
1194 563 1302 627 insidias

130 661 223 747 longe
239 660 378 744 repellat.
424 664 542 727 Amen.

174 764 363 828 Merentium
387 768 524 851 gemitus
546 768 662 847 videat,
686 790 794 830 vocem
819 767 921 830 vestri
945 768 1072 832 doloris
1097 771 1258 849 exaudiat,
1277 783 1301 833 ct

129 868 271 931 lacrimas
286 867 325 930 ab
340 870 427 932 ouini
441 870 518 935 facie
534 884 646 958 tergat.
691 870 806 934 Amen.

175 972 340 1034 Alternum
357 973 446 1037 vobis
471 973 672 1040 dilectionem
694 973 868 1060 indulgeat,
885 985 919 1036 et
939 975 1131 1060 perfectam
1156 978 1301 1042 caritatem

130 1074 288 1138 concedat.

175 1179 232 1242 1110
248 1203 302 1242 vos
317 1180 483 1244 benedicat
505 1181 544 1244 de
559 1182 654 1259 coelis,
671 1181 725 1267 qui
746 1203 802 1266 per
816 1202 945 1243 crucem
968 1194 1005 1245 et
1030 1184 1228 1270 sanguinem
1249 1207 1302 1270 pas-

131 1282 225 1345 sionis
240 1306 301 1345 sure
316 1307 372 1346 nos
388 1283 536 1368 dignatus
552 1296 597 1347 est
612 1285 764 1347 redimere
779 1282 812 1344 in
829 1281 931 1345 terris.
985 1284 1119 1350 Arnen.

175 1387 358 1451 Benedictio
375 1386 446 1463 Dei,
465 1387 566 1450 Patris
581 1401 613 1451 et
630 1386 713 1451 Filii.

444 1560 620 1623 Benedictio
636 1563 673 1623 de
688 1559 846 1623 cotidianis
861 1557 981 1621 dietata

174 1691 344 1755 Conservet
359 1712 414 1751 vos
432 1692 638 1780 Omnipotens
651 1693 735 1757 Deus
750 1691 788 1754 ab
803 1689 951 1755 omnibus
963 1695 1078 1775 malis,
1092 1710 1128 1761 et
1144 1722 1203 1762 vos
1217 1712 1306 1762 custo-

129 1797 195 1859 diat
210 1794 244 1856 in
259 1792 405 1855 omnibus
420 1793 519 1858 bonis.
566 1797 682 1859 Amen.

176 1901 305 1986 Separct
320 1923 337 1962 a
353 1897 442 1960 vobis
464 1914 592 1963 cunctos
614 1899 803 1964 adversarios
826 1910 954 1976 vestros,
978 1912 1014 1963 et
1038 1919 1200 1990 preparet
1223 1906 1306 1968 innu-

130 2003 293 2069 merabiles
308 2001 433 2065 amicos.
480 2004 596 2067 Amen.

177 2107 305 2191 Separat
331 2127 386 2167 vos
412 2103 451 2166 ab
481 2106 609 2170 inlicitis
639 2105 880 2193 cogitationibus
906 2104 1037 2185 vestris,
1067 2122 1105 2173 et
1138 2114 1308 2199 conjungat

129 2210 301 2275 coelcstium
317 2209 472 2271 virtutum
488 2211 659 2275 affectibus
705 2212 820 2274 Am0n.

175 2316 304 2379 Terram
320 2313 410 2376 vobis
428 2311 619 2377 fructiferam
637 2314 740 2391 faeiat,
757 2327 789 2377 et
804 2311 873 2376 coeli
897 2312 1111 2379 serenitatem
1129 2320 1262 2396 tribuat,
1278 2331 1307 2382 ct

130 2421 297 2506 perlectam
313 2418 474 2481 caritatem
491 2418 649 2481 concedat.
696 2420 810 2480 Amen.

177 2523 247 2586 Suis
271 2544 326 2583 vos
348 2520 467 2606 repleat
492 2520 774 2597 benedictionibus,
790 2519 916 2604 insuper
936 2517 1062 2582 exaltet
1088 2521 1126 2584 in
1156 2526 1305 2589 coelorum

130 2626 220 2711 regni
236 2624 369 2688 sedibus
416 2623 532 2686 Amen.

175 2729 237 2809 (lui
257 2728 346 2792 vobis
372 2727 570 2790 benedixerit
590 2751 607 2790 a
624 2727 692 2790 Deo
711 2740 825 2789 aeterno
852 2723 891 2786 sit
914 2720 1121 2804 benedictus,
1139 2729 1200 2814 qui
1219 2731 1307 2795 vobis

130 2833 271 2896 nocuerit
287 2856 304 2894 a
320 2830 388 2894 Deo
405 2830 445 2893 sit
460 2843 625 2915 separatus.
672 2831 787 2892 Amen.

176 2935 307 2998 Tribuat
333 2933 422 2996 vobis
448 2934 603 2996 coelestem
633 2931 896 3007 benedictionem,
924 2939 955 2990 ct
984 2930 1148 3014 perducat
1176 2960 1235 3000 vos
1267 2938 1306 3001 ad

131 3036 229 3099 vitam
245 3036 311 3098 sine
327 3035 389 3099 fine
406 3036 579 3099 durantem.
626 3035 742 3098 Amen.

177 3138 268 3215 Quod
283 3137 357 3221 ipse.
404 3136 519 3199 Amen.

178 3239 269 3318 Quod
285 3238 359 3324 ipse.

370 3412 547 3475 Benedictio
563 3416 606 3476 od
619 3414 806 3475 matutinam
822 3414 858 3477 de
874 3412 1045 3476 cotidianis.

175 3551 345 3639 Nunquam
365 3551 495 3627 deseras,
512 3550 660 3629 Domine,
677 3574 771 3636 quam
791 3551 931 3636 plantare
947 3548 1098 3634 dignatus
1119 3575 1154 3616 es
1171 3556 1304 3624 vineam

130 3664 227 3733 tuam,
245 3656 299 3719 sed
314 3655 406 3718 facies
422 3676 491 3717 eam
507 3674 628 3737 semper
643 3652 811 3715 excultam.
857 3653 972 3715 Amen.

174 3758 278 3821 Nullis
307 3758 430 3842 sepibus
466 3752 644 3832 suffocetur,
684 3777 742 3818 nec
778 3755 947 3840 inportuna
977 3751 1085 3816 avium
1118 3762 1304 3828 vastatione

130 3872 273 3922 vexetur.
319 3860 434 3920 Amen.

176 3959 235 4024 Sed
252 3960 357 4024 adesto
378 3960 407 4022 ei
430 3956 593 4044 proximus
615 3979 736 4042 semper
756 3968 788 4018 et
810 3958 999 4020 cotidianam
1021 3956 1069 4020 fac
1087 3959 1128 4024 de
1150 3963 1302 4033 botribus

130 4059 314 4126 ubertatem.
360 4062 476 4124 Amen.

174 4162 246 4226 Non
262 4165 296 4226 in
306 4186 342 4225 ea
353 4162 463 4225 lolium
474 4159 605 4222 seminet
616 4149 773 4236 inimicus,
784 4159 838 4222 sed
850 4161 962 4247 dignos
974 4161 1032 4226 tibi
1044 4185 1171 4251 semper
1184 4171 1302 4239 afferat

131 4254 258 4323 fructus.

177 4359 266 4436 Quod
282 4363 356 4445 ipse.
403 4364 517 4424 Amen.
564 4360 755 4424 Benedictio.
