2866 4934
132 350 190 409 108
479 377 723 426 ronrrrrcnnn
739 376 981 427 recasuram·

128 526 190 589 tuis
214 524 358 592 fidelibus
379 533 561 616 promisisti,
577 534 774 598 elementiam
794 545 885 596 tuam
913 534 1131 622 suppliciter
1154 557 1306 611 exoramus,

129 642 165 692 ut
179 627 244 692 haee
260 629 446 698 indumenta
460 636 674 702 humilitatem
690 637 798 714 cordis,
813 647 845 700 et
862 649 1123 726 contemptum
1140 639 1249 704 mundi
1260 638 1305 724 sig·

129 731 299 810 nificantia,
321 736 433 820 quibus
459 740 581 803 samube
603 752 665 804 tuae
684 741 746 827 (vel
765 728 881 802 semida
904 739 989 826 tua)
1013 755 1138 807 sancto
1164 741 1306 807 visibiliter

129 848 202 899 sunt
227 836 432 904 informanda
454 844 624 930 proposito,
648 843 800 931 propitius
821 842 1020 922 benedicas,
1054 857 1092 910 et
1119 847 1213 911 beate
1237 844 1305 909 asti-

128 940 200 1004 tatis
226 940 369 1005 habitum
406 968 512 1030 quem,
545 959 577 1010 te
611 947 776 1034 aspirante,
806 944 1009 1030 suscipiunt,
1047 961 1086 1014 te
1125 961 1306 1037 protegente,

129 1042 316 1121 custodiant,
332 1058 365 1109 et
387 1070 463 1133 quas
485 1049 623 1114 vestibus
638 1048 822 1115 veneranda
843 1049 1088 1134 promissionis
1113 1053 1225 1118 induis
1246 1064 1307 1116 tem·

129 1147 287 1235 poraliter,
304 1148 393 1214 beata
409 1151 502 1215 facias
517 1151 742 1218 inmortalitate
757 1150 872 1217 vestiri.
923 1151 1004 1216 Per.

400 1324 578 1389 Benedictio
594 1328 682 1390 vestie
692 1325 822 1412 cirpinis
837 1323 883 1387 vel
897 1324 1024 1391 vidam

176 1461 271 1535 Deus,
298 1459 450 1524 bonarum
482 1463 637 1528 virtutum
668 1464 768 1542 dator,
796 1476 828 1527 et
856 1461 1013 1526 omniurn
1050 1465 1305 1531 benedictionum

131 1564 235 1648 largus
250 1562 378 1638 inlusor,
389 1565 505 1628 exaudi
520 1589 627 1651 preces
642 1579 772 1645 nostras,
783 1579 814 1632 et
827 1565 908 1629 hanc
917 1577 1056 1631 vestem
1075 1592 1182 1656 quam
1199 1569 1305 1634 famule

132 1679 193 1729 tuae
219 1666 267 1727 lll.
283 1688 339 1750 pro
363 1669 581 1731 conservanda
605 1669 754 1733 eastitatis
781 1669 880 1756 signo,
896 1690 928 1730 se
951 1669 998 1732 ad
1022 1673 1242 1758 operiendam
1262 1695 1304 1736 ex·

132 1769 242 1856 poscit,
258 1767 440 1834 benedicere
456 1783 488 1835 et
503 1771 695 1836 sanctificare
710 1772 858 1859 digneris.
904 1768 979 1834 Per.

132 1943 308 2007 Dicendum
324 1954 366 2006 eat
381 1946 504 2026 quondo
520 1946 652 2031 cispiaco
664 1956 718 2008 out
733 1947 833 2009 viduoe
843 1965 969 2006 socrum
982 1946 1139 2013 velamen
1149 1950 1303 2036 acceptant.

178 2077 297 2163 Accipe
321 2077 426 2164 puella
446 2079 509 2164 (vel
530 2079 642 2163 vidua)
660 2079 790 2165 pallium
814 2077 898 2165 quod
919 2077 1069 2163 perferas
1095 2083 1169 2148 sine
1191 2082 1304 2148 macula

133 2197 205 2248 ante
227 2182 366 2247 tribunal
389 2182 520 2246 Domini
535 2183 632 2247 nostri
649 2183 727 2247 Jesu
744 2181 871 2258 Christi,
887 2179 939 2244 cui
959 2178 1081 2247 flectet
1107 2209 1208 2251 omne
1227 2208 1303 2274 genu

134 2288 293 2352 celestium
310 2299 342 2350 et
357 2286 549 2350 terrestrium
566 2299 598 2351 et
612 2286 817 2349 infernorum.

180 2392 385 2476 Omnipotens
415 2390 602 2475 sempiterne
633 2390 729 2468 Deus,
760 2388 875 2473 adjuva
906 2409 981 2471 quas
1021 2388 1232 2476 virginitatis
1258 2389 1303 2454 vel

135 2494 296 2556 viduitatis
321 2493 440 2555 honore
465 2493 613 2579 dignatus
638 2516 670 2556 es
697 2492 853 2570 decorare,
874 2488 1012 2577 perferat
1036 2491 1109 2575 (vel
1134 2493 1303 2581 perferant)

134 2596 273 2660 inchoati
293 2596 393 2682 operis
411 2610 661 2660 consummatum
677 2593 835 2670 effectum,
848 2606 880 2657 et
891 2604 1041 2655 votorum
1060 2618 1201 2662 suorum
1218 2620 1303 2684 expe·

134 2700 201 2763 diat
219 2699 282 2785 (vel
304 2696 489 2784 expediant)
508 2698 700 2773 institutum,
722 2697 932 2783 virginalique
955 2694 1021 2780 (vel
1046 2698 1180 2787 viduae)
1200 2701 1304 2766 habitu

135 2803 302 2886 perfectam
313 2802 372 2864 tibi
384 2799 516 2864 offerant
530 2800 774 2886 plenitudinem,
785 2815 817 2865 et
831 2799 922 2863 initia
937 2820 991 2859 sua
1006 2799 1196 2882 perducere
1212 2826 1304 2868 mere·

135 2918 227 2968 antur
250 2906 290 2969 ad
314 2904 420 2983 finem,
452 2917 488 2968 ut
517 2918 640 2970 matura
669 2904 883 2968 sanctimoniae
912 2899 1082 2966 cumulent
1117 2907 1246 2985 merita,
1276 2918 1305 2970 et

134 3009 348 3070 centenarium
385 3031 500 3071 munus
538 3008 688 3074 defuncto
724 3031 825 3093 agone
865 3002 1062 3091 virginitatis
1105 3006 1305 3093 (viduitatis)

136 3108 291 3193 accipiant
305 3107 477 3192 (accipiat).

351 3277 543 3344 Coaseerotio
554 3285 710 3368 vispinum
726 3283 764 3343 ab
780 3283 918 3367 episeopo
934 3280 1075 3342 dicenda.

182 3416 226 3480 Te
242 3417 433 3496 invocamus,
451 3417 587 3480 Domine
603 3432 717 3497 sancte,
732 3418 824 3480 Pater
841 3417 1059 3502 Omnipotem,
1071 3430 1197 3486 aeterne
1211 3422 1305 3500 Deus,

135 3545 226 3607 super
240 3522 295 3584 has
307 3520 437 3584 famulas
449 3533 517 3583 tuas
526 3520 589 3604 (vel
603 3521 685 3585 hanc
697 3519 846 3584 famulam
859 3520 962 3600 tuam)
974 3541 1042 3604 quae
1053 3519 1118 3584 tibi
1131 3526 1306 3589 voluenmt

136 3625 250 3688 servire
270 3623 356 3710 puris
378 3623 547 3699 mentibus,
565 3624 745 3709 mundoque
761 3621 865 3699 eorde,
882 3635 919 3685 ut
934 3645 984 3685 eas
998 3620 1062 3707 (vel
1078 3625 1172 3711 eam)
1188 3629 1305 3692 sociare

136 3726 274 3813 digneris
299 3727 381 3789 inter
404 3725 458 3788 illa
479 3743 622 3789 onxlm.
644 3727 744 3789 millia
765 3723 946 3802 infantium,
968 3748 1036 3810 quae
1060 3726 1211 3813 virgines
1235 3756 1304 3818 per·

136 3843 326 3907 manserunt,
343 3841 420 3892 etse
436 3852 508 3891 cum
523 3826 707 3891 mulieribus
722 3850 785 3890 non
801 3827 1096 3912 coinquinaverunt,
1111 3830 1147 3893 in
1165 3857 1303 3918 quorum

136 3955 188 3995 ore
215 3933 304 3996 dolus
330 3933 477 3995 inventus
500 3954 565 3993 non
590 3942 650 3993 est:
678 3932 722 3994 ita
744 3942 776 3992 et
798 3929 853 3992 has
876 3930 1010 3993 famulus
1034 3942 1105 3993 tuas
1129 3933 1199 4019 (vel
1220 3937 1304 4002 hano

136 4032 284 4097 famulam
301 4032 404 4117 tuam)
419 4032 512 4096 facias
535 4053 717 4116 permanere
738 4032 942 4095 inmaeulatas
965 4032 1029 4117 (vel
1052 4033 1303 4124 inmaculatam)

136 4136 294 4218 usquead
321 4136 428 4212 finem,
452 4158 508 4220 per
541 4133 766 4196 inmaculatum
792 4132 903 4195 Jesum
930 4133 1088 4198 Christum
1117 4136 1300 4206 Dominum

137 4248 287 4312 nostrum,
304 4239 359 4322 qui
374 4237 464 4299 vivit.

182 4333 275 4411 Deus,
300 4353 451 4401 castorum
473 4357 637 4421 corporum
662 4335 816 4421 benignus
841 4335 1041 4415 inhabitator,
1070 4353 1102 4402 et
1129 4343 1300 4434 incorrup-
