2866 4934
532 411 602 457 BEN
605 411 832 458 EDICTIONES.

548 652 628 715 Alie
643 653 815 717 benedictio

151 770 290 857 Respice,
308 771 454 849 Domine,
464 771 596 835 famulos
610 783 680 835 tuos
695 771 841 855 subjectis
855 771 995 835 vultibus
1008 769 1262 835 benedictionum

107 884 231 936 tuarum
248 875 328 945 dona
342 888 512 962 poscentes.
557 875 673 938 Amen.

152 976 238 1062 Rege
262 1001 313 1041 eos
337 977 376 1041 de
400 978 609 1063 superioribus
628 978 701 1055 tuis,
719 989 750 1042 et
774 977 947 1041 ubertatem
969 976 1128 1040 fructuum
1149 975 1263 1063 largire

105 1077 164 1141 eis:
187 1079 284 1143 libera
299 1104 350 1143 eos
364 1104 381 1143 a
397 1081 507 1145 diebus
526 1080 627 1158 malis,
643 1093 675 1145 et
690 1081 729 1144 da
753 1080 796 1144 eis
811 1093 952 1166 tempora
974 1079 1069 1165 pacis,
1085 1092 1122 1143 ut
1144 1080 1178 1142 in
1192 1102 1261 1165 pre·

107 1182 187 1243 senti
209 1194 347 1268 tempore
370 1183 540 1246 consistant
563 1184 672 1261 securi,
689 1196 720 1247 et
743 1183 784 1247 ad
805 1195 918 1247 aeterna
941 1183 1056 1268 gaudia
1080 1183 1265 1270 perveniant

107 1284 182 1348 hinc
198 1286 297 1349 liberi.
343 1286 459 1349 Amen.

152 1389 194 1451 Et
209 1389 263 1475 qui
286 1388 444 1474 quondam
459 1389 620 1453 miseratus
636 1414 667 1454 es
689 1391 787 1454 turbae
811 1402 915 1454 tecum
937 1390 1041 1453 triduo
1056 1388 1263 1475 permanenti,

108 1490 202 1553 simili
218 1515 303 1554 nunc
318 1491 500 1576 dignatione
515 1490 589 1555 huic
609 1492 754 1556 miserere
769 1492 854 1578 plebi
869 1492 928 1556 tibi
946 1491 1076 1576 jejuniis
1091 1503 1123 1555 et
1137 1490 1265 1577 hymnis

107 1592 248 1655 innixius
263 1592 461 1679 supplicanti.
506 1592 621 1656 Amen.

153 1696 220 1759 Nec
246 1696 286 1759 sit
309 1696 364 1758 illa
393 1695 494 1778 major
523 1696 745 1774 misericordia,
777 1719 838 1781 qua
867 1707 903 1758 tu
929 1695 1043 1781 pavisti
1073 1695 1198 1759 turbam
1224 1717 1265 1757 ne

108 1796 253 1861 deficeret
276 1798 311 1859 in
336 1797 398 1875 via,
427 1821 521 1883 quam
545 1820 636 1883 super
659 1798 740 1861 hanc
767 1797 930 1876 familiam,
957 1820 998 1861 ne
1023 1797 1062 1859 de
1086 1808 1140 1860 tua
1166 1796 1266 1882 gratia

110 1899 217 1962 redeat
231 1897 307 1962 hinc
317 1900 436 1983 jejuna.
483 1900 598 1963 Amen.

155 2002 217 2066 Sed
236 2003 316 2066 sicut
334 2003 458 2066 turbam
478 2003 565 2065 illam
585 2003 750 2079 benedicto
765 2024 846 2087 pane
868 2001 981 2087 pavisti
999 2001 1069 2065 Rex
1088 2002 1205 2089 gloriae,
1222 2001 1266 2065 ita

109 2129 194 2169 nuuc
219 2105 358 2191 digneris
379 2104 505 2169 reficere
531 2105 613 2170 hanc
634 2106 758 2192 plebem
782 2105 977 2169 laetaniorum
1000 2106 1183 2194 sollempnia
1207 2105 1266 2169 tibi

110 2209 214 2272 triduo
230 2210 447 2273 celebrantem.

154 2313 212 2376 llle
227 2336 282 2376 vos
296 2312 470 2377 benedicat.
517 2311 631 2374 Amen.

154 2415 347 2480 Benedictio.

255 2589 423 2652 Dominicn
432 2591 458 2674 j.
471 2598 545 2673 post
559 2587 729 2651 Ascensum
744 2587 885 2651 Domini.
930 2587 1116 2651 Benedictio.

155 2710 417 2790 Benedictionurn
439 2746 565 2788 suarum
587 2747 679 2809 super
699 2745 755 2786 vos
774 2721 930 2784 Dominus
951 2722 1083 2786 imbrem
1107 2721 1264 2802 infundat,

109 2843 141 2894 et
155 2828 304 2894 claritatis
319 2852 381 2892 suae
395 2827 555 2891 thesauros
571 2828 696 2890 celestes
711 2824 800 2889 vobis
815 2825 942 2910 aperiat.
988 2825 1103 2888 Arnen.

153 2932 338 3017 Efficiatque
368 2954 423 2994 vos
460 2928 615 2993 Dominus
647 2929 721 2992 vitae
755 2941 869 2991 aeterne
901 2927 1076 3015 participes,
1108 2940 1140 2992 et
1174 2930 1264 3016 regni

107 3036 236 3100 coelestis
251 3035 424 3099 coheredes.

153 3139 292 3226 Dignam
319 3138 353 3200 in
379 3137 468 3202 vobis
494 3135 721 3200 habitationem
748 3133 881 3220 Spiritus
905 3132 1036 3198 Sanctus
1060 3134 1212 3213 inveniat,
1233 3147 1267 3198 et

109 3243 175 3325 ejus
190 3242 323 3327 gloriosa
338 3242 482 3324 majestas
495 3239 617 3325 placide
632 3239 667 3301 in
682 3237 792 3314 vestris
807 3237 952 3302 cordibus
966 3238 1156 3324 requiescat·

155 3345 247 3424 Quod
261 3345 326 3429 ipse
341 3355 486 3430 prestare.
532 3342 647 3406 Arnen.

155 3445 247 3524 Quod
262 3445 337 3530 ipse.

420 3614 598 3678 Benedictio
614 3615 647 3676 in
662 3611 801 3675 Accensa
817 3612 958 3674 Domini.

155 3750 326 3815 Benedicat
355 3771 411 3813 vos
442 3749 649 3835 Omnipotens
681 3748 775 3824 Deus,
807 3747 896 3830 cujus
921 3747 1072 3810 hodierna
1102 3747 1154 3810 dic
1185 3747 1265 3812 Uni-

111 3853 235 3938 genitus
256 3852 406 3915 coelorum
427 3852 489 3915 alta
511 3849 698 3937 penetravit,
721 3860 753 3911 et
776 3849 865 3930 vobis
880 3849 937 3912 ubi
951 3849 1004 3912 ille
1019 3862 1065 3913 est
1080 3848 1266 3914 ascendendi

110 3955 231 4018 aditum
246 3953 402 4040 patefecit.
448 3954 563 4018 Amen.

154 4057 312 4121 Concedat
327 4056 481 4141 propitius
496 4068 531 4119 ut
546 4054 627 4118 sicut
640 4066 711 4138 post
725 4053 980 4118 resurrectionem
1001 4078 1088 4118 suam
1106 4055 1266 4140 discipulis

109 4160 193 4223 visus
208 4172 254 4224 est
275 4158 468 4236 manifestus,
485 4159 529 4222 ita
549 4156 639 4220 vobis
661 4155 694 4217 in
713 4154 870 4239 judicium
892 4157 1021 4220 veniens
1036 4157 1179 4220 videatur
1200 4159 1267 4245 pla-

110 4275 205 4327 catus.
251 4264 367 4327 Arnen.
1018 4329 1024 4338 .

156 4367 197 4430 Et
212 4367 265 4454 qui
283 4390 355 4431 euru
373 4365 537 4429 consedere
554 4362 640 4426 Patri
660 4361 693 4423 in
709 4384 763 4424 sua
779 4362 939 4446 majestate
955 4363 1088 4442 creditis,
1106 4364 1265 4429 vobiscum
