2866 4934
521 417 822 465 BENEDIOTIONES.

272 659 441 724 Dominicc
456 660 537 746 ciiij.
547 670 622 745 post
636 660 839 724 Pentecosten.
883 660 1071 724 Benedictio.

137 778 319 844 Benedictio
341 804 397 844 vos
420 779 550 844 Domini
570 778 738 844 comitetur
762 779 890 865 ubique,
905 779 1027 865 sibique
1049 802 1105 844 vos
1126 803 1247 867 semper

93 882 186 946 faciat
201 882 357 948 adherere.
403 881 519 946 Amen.

136 984 207 1071 Ipse
221 1008 276 1050 vos
290 1009 352 1050 suae
365 985 585 1051 benedictione
604 982 767 1062 salvificet,
783 984 838 1070 qui
864 983 1012 1068 dignatus
1035 996 1080 1047 est
1094 985 1246 1070 plasmare

91 1099 244 1174 potenter.
289 1087 405 1151 Amen.

136 1187 244 1272 Atque
265 1185 310 1250 ita
330 1208 386 1249 vos
405 1196 521 1272 prestet
545 1185 677 1251 feliciter
695 1185 812 1264 vivere,
828 1199 865 1250 ut
889 1187 1019 1251 coelestis
1043 1188 1245 1253 beatitudinis

92 1290 206 1353 efficiat
221 1288 396 1353 coheredes.

136 1393 228 1471 Quod
242 1393 317 1478 ipse.
362 1392 478 1456 Amen.

135 1494 328 1558 Benedictio
373 1494 490 1558 Amen.

282 1667 452 1731 Dominice
465 1690 515 1730 cc.
526 1678 600 1753 post
613 1667 816 1732 Pentecosten.
861 1668 1049 1732 Benedictio.

134 1801 293 1868 Concedat
318 1802 407 1867 vobis
436 1802 643 1888 Omnipotens
668 1803 753 1866 Deus
779 1827 894 1867 munus
918 1827 980 1868 suae
1006 1804 1243 1886 benedictionis,

90 1905 144 1990 qui
159 1917 267 1968 vestrae
282 1919 328 1970 est
343 1905 483 1969 conscius
498 1904 698 1969 infirmitatis.
744 1906 860 1970 Amen.

134 2008 176 2070 Et
192 2008 247 2094 qui
262 2009 351 2073 vobis
366 2009 477 2074 tribuit
492 2008 689 2096 supplicandi
707 2009 866 2087 affectum,
883 2010 1001 2075 tribuat
1026 2012 1244 2078 consolationis

89 2109 252 2174 auxilium'.

134 2212 181 2277 Ut
205 2213 244 2277 ab
268 2237 305 2278 eo
329 2228 360 2279 et
383 2214 534 2301 presentis
554 2226 586 2277 et
601 2213 706 2276 future
722 2213 895 2294 subsidium
911 2214 984 2277 vitae
1000 2214 1138 2299 capiatis,
1154 2220 1242 2302 cujus

88 2339 144 2379 vos
158 2316 298 2381 bonitate
314 2330 431 2381 creatos
446 2339 510 2381 esse
525 2316 659 2380 creditis.
704 2316 819 2379 Amen.

134 2419 225 2499 Quod
239 2420 314 2506 ipse.
360 2420 476 2484 Amen.

133 2521 325 2586 Benedictio.
371 2523 487 2586 Amen.

274 2696 443 2759 Dominico
457 2698 518 2780 evj.
529 2705 603 2781 post
617 2694 819 2757 Pentecosten.
863 2694 1051 2757 Benedictio.

132 2827 338 2916 Omnipotens
357 2830 511 2894 Dominus
533 2841 731 2917 pcccatorum
754 2840 927 2892 vestrorum
953 2829 1090 2893 maculas
1113 2845 1237 2918 purget,

87 2943 118 2994 et
134 2954 187 2994 sua
202 2955 258 2995 vos
272 2933 491 2998 benedictione
505 2933 649 2997 illustret.
695 2931 810 2995 Amen.

131 3034 261 3121 Repleat
283 3057 338 3100 vos
361 3036 548 3122 spiritalium
573 3035 663 3100 donis
686 3035 852 3114 virtutum,
868 3059 1064 3122 perseverare
1088 3037 1182 3102 faciat
1203 3039 1238 3102 in

89 3136 176 3200 bonis
190 3139 384 3225 propositum
399 3153 548 3204 vestrum.
594 3139 710 3202 Amen.

132 3239 244 3326 Sisque
276 3241 487 3306 humilitatem
517 3255 651 3306 vestram
674 3240 831 3326 benignus
867 3252 1016 3327 acceptet,
1040 3255 1072 3306 et
1096 3265 1159 3307 suae
1182 3267 1240 3309 vos

83 3342 207 3426 pietatis
222 3344 471 3408 remuneratione
485 3344 666 3430 locupletet.
712 3342 827 3406 Amffl.
1133 3327 1136 3334 Ι

131 3445 222 3524 Quod
237 3447 311 3533 ipse.
357 3446 472 3511 Amen.
518 3445 712 3510 Benedictio.
757 3444 873 3508 Amen.

266 3618 435 3681 Dominicc
449 3620 523 3705 noij.
534 3628 608 3703 post
622 3616 825 3680 Pentecosten.
869 3615 1056 3680 Benedictio.

130 3751 336 3837 Omnipotens
364 3753 449 3817 Deus
474 3753 591 3816 coelesti
614 3773 670 3814 vos
694 3749 887 3836 protectione
912 3749 1095 3829 circumdet,
1120 3764 1151 3815 ct
1175 3776 1236 3817 suae

85 3854 312 3918 benedictionis
327 3854 411 3920 dono
425 3856 604 3941 locupletet.
650 3854 766 3917 Amen.

129 3955 348 4041 Concedatque
362 3957 452 4021 vobis
467 3968 504 4019 ut
519 3957 573 4042 qui
589 3956 622 4018 in
638 3955 701 4018 sola
721 3977 775 4040 spe
789 3952 897 4039 gratioe
912 3953 1032 4017 celestis
1047 3953 1235 4035 innitimini,

83 4058 199 4123 coelesti
214 4057 308 4122 etiam
323 4059 517 4143 protectione
532 4056 730 4120 muniamini.
776 4055 893 4118 Amen.

129 4160 282 4240 Quatinus
308 4160 398 4223 etin
423 4159 559 4246 presenti
584 4158 694 4223 saeculo
718 4156 857 4221 mortalis
883 4157 948 4222 vite
973 4159 1080 4224 solatia
1096 4158 1235 4245 capiatis,

83 4274 114 4325 et
129 4263 316 4350 sempiterna
331 4263 446 4350 gaudia
462 4260 724 4346 comprehendere
739 4257 876 4323 valeatis.
922 4261 1037 4326 Amen.

129 4366 220 4445 Quod
235 4366 310 4453 ipse.
355 4366 472 4430 Amen.
518 4363 711 4429 Benedictio
757 4361 872 4425 Amen.
