2866 4934
439 355 684 403 Ponrlrtcxnn
699 352 927 401 aceessum.

369 510 412 571 ln
428 512 476 573 die
493 512 600 575 Sancti
614 508 772 574 ⁴liicltoelia
788 507 1008 593 Archangeli.

146 625 316 691 Benedicat
330 650 386 691 vos
401 630 589 717 principium
607 631 684 695 lucis
699 629 883 717 angelorum
899 651 988 714 quos
1006 628 1075 693 sibi
1096 630 1240 694 concives
1252 642 1277 692 et

100 743 256 794 consortes
272 728 344 793 fecit
360 731 393 793 in
409 733 534 797 sedibus
549 757 761 821 supernorum.
806 731 929 795 Arnen.

146 833 285 913 Quorum
316 835 595 900 amministratione
617 836 776 900 muniatur
804 834 838 897 in
870 834 970 898 terris
1003 836 1082 900 vita
1115 848 1229 914 vestra,
1248 850 1279 899 ut

100 935 223 999 liberati
238 936 276 999 ab
291 935 433 1001 hostibus
443 938 618 1003 visibilibus
633 955 665 1004 et
676 937 885 1002 invisibilibus
896 940 1107 1003 mereamini
1122 941 1279 1028 pervenire

101 1039 141 1102 ad
156 1039 274 1125 premia
289 1054 411 1103 interna.
459 1042 573 1105 Amen.

147 1143 234 1206 Inter
268 1167 401 1228 quorum
439 1145 672 1209 venerationem
706 1142 900 1228 Archangeli
939 1143 1129 1211 Michaelis
1166 1147 1278 1211 suffulti

102 1243 228 1307 auxiliis
252 1244 319 1326 ejus
343 1245 526 1308 memoriam
551 1246 711 1311 celebretis
735 1244 827 1308 hodie
847 1244 1071 1311 devotissime
1087 1249 1126 1312 in
1142 1250 1235 1328 arvis,
1248 1262 1279 1313 ut

102 1347 186 1411 illius
201 1346 346 1410 socictate
361 1347 509 1411 fruamini
524 1350 558 1410 in
574 1349 670 1412 astris.

148 1449 238 1529 Quod
254 1449 327 1534 ipsc.
373 1450 487 1513 Amen.
579 1450 770 1515 Benedictio.
816 1448 934 1511 Amen.

331 1622 407 1685 Kal.
423 1624 617 1688 Novembris.
667 1623 812 1688 Omnium
827 1620 1039 1688 Sanctorum.

148 1742 319 1807 benedicat
334 1765 389 1806 vos
405 1744 492 1807 Deus
506 1745 668 1808 beatorum
690 1754 862 1827 martyrum
877 1763 1016 1807 suorum
1036 1745 1092 1810 Ill.
1112 1748 1278 1836 suffragiis,

104 1860 136 1910 ct
150 1846 260 1910 liberet
276 1869 330 1909 vos
345 1846 384 1909 ab
399 1847 638 1911 adversitatibus
652 1846 781 1911 eunetis.
826 1844 945 1908 Amen.

149 1949 356 2015 Commendet
381 1973 435 2012 vos
462 1974 569 2013 eornm
594 1949 772 2013 intercessio
798 1947 944 2034 gloriosa,
968 1974 1121 2036 quorum
1147 1956 1184 2020 in
1210 1980 1276 2020 con·

105 2074 211 2146 spectu
227 2062 293 2143 ejus
308 2074 353 2122 est
369 2083 451 2123 mors
465 2061 608 2146 pretiosa.
655 2063 770 2124 Amen.

151 2172 198 2235 Ut
213 2172 293 2235 sicut
308 2171 354 2233 illi
369 2196 424 2257 per
439 2172 560 2235 diversa
576 2185 801 2235 tormentorum
817 2169 949 2232 coelestis
964 2175 1068 2259 regni
1085 2190 1166 2240 sunt
1180 2178 1277 2241 sortiti

105 2275 321 2352 hereditatem,
337 2275 381 2338 ita
396 2298 451 2338 vos
471 2299 578 2339 eorum
600 2274 783 2339 mereamini
807 2273 1003 2338 consortium
1030 2301 1094 2364 per
1121 2282 1274 2346 bonorum

106 2403 234 2466 operum
250 2378 487 2442 exhibitionem.
534 2379 648 2441 Amen.

151 2482 242 2561 Quod
257 2482 331 2567 ipsc.
377 2481 492 2544 Amen.
582 2480 774 2544 Benedictio.
819 2477 936 2541 Amen.

193 2655 368 2718 Benedictio
384 2655 417 2717 in
432 2655 480 2717 dic
501 2654 646 2719 Omnium
662 2654 855 2729 Sanctorum,
871 2652 931 2714 aiva
947 2654 993 2715 ad
1007 2678 1189 2743 vesperum.

151 2790 294 2856 Concede
306 2789 512 2875 Omnipotens
524 2790 609 2853 Deus
620 2802 656 2852 ut-
665 2814 773 2856 omnes
784 2791 907 2855 ordines
918 2791 1090 2860 celestium
1102 2798 1271 2877 virtutum,

106 2908 272 2980 sanctaque
295 2893 356 2957 Dei
381 2893 527 2980 genetrix
549 2892 659 2969 Maria,
676 2907 708 2958 et
734 2895 832 2959 saneti
850 2895 996 2979 Apostoli
1023 2899 1088 2977 tui,
1105 2915 1270 2988 martyres,

106 2998 302 3074 confessores,
319 2997 467 3083 virgines,
480 3008 572 3082 atquc
588 3020 696 3061 omnes
711 2998 820 3076 saneti,
833 3021 967 3083 quorum
982 2997 1084 3066 hodie
1099 3005 1270 3090 gloriosam

106 3101 296 3164 celebramus
311 3100 523 3176 festivitatem,
540 3122 596 3162 nos
619 3123 739 3187 semper
754 3114 785 3165 et
800 3101 917 3186 ubique
932 3100 1105 3185 adjuvent,
1122 3109 1271 3193 quatinus
1330 3124 1333 3129 '

107 3227 213 3268 eorum
230 3204 385 3290 suffragiis
400 3204 498 3266 vitam
515 3226 622 3288 capere
638 3205 797 3268 valeamus
811 3219 966 3269 aetemam.

150 3307 318 3371 Auxilium
349 3320 439 3371 tuum
469 3305 578 3392 populi
606 3305 664 3382 tui,
696 3306 843 3383 Domine,
870 3305 1016 3369 fidelibus
1043 3309 1213 3397 impende,
1239 3327 1270 3378 et

106 3409 367 3475 intercedentibus
379 3411 492 3474 sanetis
506 3409 568 3471 tuis
584 3432 716 3494 quorum
732 3409 883 3473 hodierna
894 3408 1072 3495 gaudemus
1084 3414 1269 3494 festivitate,

107 3514 154 3576 fac
169 3538 225 3578 nos
245 3516 283 3578 ab
309 3514 394 3576 omni
417 3512 602 3577 adversitate
628 3511 764 3591 liberari,
780 3526 812 3575 et
834 3512 867 3575 in
888 3524 1002 3574 aeterna
1023 3511 1183 3582 felicitate
1198 3543 1269 3583 cum

107 3615 168 3679 illis
183 3617 289 3680 laetari.
335 3615 451 3680 Amen.

152 3719 246 3796 Deus,
272 3718 413 3780 omnium
443 3741 548 3781 rerum
572 3717 727 3795 conditor,
754 3718 885 3780 humani
915 3716 1040 3803 generis
1063 3721 1269 3803 reformator,

108 3820 277 3883 coelestium
299 3821 489 3882 terrestrium
515 3833 546 3882 ct
572 3820 766 3884 infernorum
790 3834 918 3897 creator,
945 3819 1092 3885 omniurn
1119 3838 1154 3890 te
1182 3828 1272 3893 invo-

109 3921 246 3984 cantium
270 3923 309 3985 ab
338 3921 430 3983 initio
456 3922 568 3985 mundi
598 3923 773 4001 exauditor,
801 3925 841 3987 da
870 3922 959 3985 nobis
987 3921 1274 3997 intercessionibus

109 4042 215 4084 eorum
246 4022 387 4086 omnium
414 4024 538 4085 veniam
564 4024 775 4108 pecaminurn,
801 4038 837 4089 ut
860 4049 932 4089 cum
956 4024 1019 4087 illis
1045 4027 1117 4092 sine
1145 4036 1273 4099 macula

109 4144 241 4206 regnum
256 4146 364 4209 capere
379 4124 536 4186 valeamus
551 4138 711 4187 aeternum.

155 4222 211 4282 llle
226 4246 281 4285 vos
296 4223 468 4287 benedicat.
514 4226 630 4287 Amen.
728 4287 732 4295 ,

156 4320 244 4395 Quod
261 4323 334 4404 ipse.
381 4322 496 4386 Arnen.
585 4327 777 4393 Benedictio.
823 4334 937 4396 Arnen.
