2866 4934
474 424 477 428 '
558 422 860 470 BENEDIOTIONES.

315 679 483 743 Dominieo
497 682 575 766 nnn.
586 693 660 767 post
674 683 876 746 Pentecosten.
921 683 1108 746 Benedictio.

178 796 410 862 Benedictionis
426 799 556 862 Domini
581 801 681 887 gratia
696 824 751 865 vos
776 825 896 888 semper
915 815 1069 889 protegat,
1086 814 1118 866 et
1138 804 1177 866 ab
1201 804 1287 866 omni

134 900 216 963 malo
247 902 408 966 defendat:
432 904 564 966 mundet
590 928 645 966 vos
675 905 714 968 ab
740 905 831 967 omni
862 906 993 969 crimine
1019 917 1229 991 peccatorum,
1257 919 1288 969 et

133 1003 258 1067 sibimet
272 1005 394 1091 placere
409 1005 503 1069 faciat
518 1006 551 1068 in
566 1018 727 1070 aeternum.
773 1008 888 1070 Amen.

179 1108 306 1194 Ubique
321 1110 410 1173 vobis
427 1109 581 1173 Dominus
602 1111 743 1196 placatus
758 1123 909 1188 occurrat,
925 1123 957 1174 et
981 1134 1041 1173 suae
1061 1111 1288 1174 benedictionis

133 1234 225 1296 opera
241 1212 408 1298 dignanter
424 1212 584 1277 attribuat.
630 1215 746 1278 Amen.
960 1190 970 1210 ⁵

179 1315 270 1393 Quod
285 1315 360 1400 ipse.
407 1315 524 1378 Amen.

178 1416 372 1479 Benedictio.
418 1418 535 1480 Amen.

306 1623 475 1687 Dominieo
490 1626 579 1711 nniij.
590 1637 664 1712 post
678 1626 880 1691 Pentecosten.
924 1628 1112 1694 Benedictio.

180 1759 386 1846 Omnipotens
423 1761 508 1824 Deus
543 1761 702 1847 adaperiat
737 1787 790 1826 cor
819 1776 958 1827 vestrum
993 1767 1027 1828 in
1062 1766 1131 1852 lege
1162 1789 1226 1844 sua,
1258 1779 1289 1830 et

134 1860 282 1925 humiliet
297 1862 416 1924 animas
431 1875 547 1925 vestras
562 1864 602 1926 ad
618 1864 768 1950 capienda
783 1866 930 1929 mandata
945 1866 1089 1930 coelestia.
1134 1867 1251 1931 Arnen.

180 1965 337 2051 Quicquid
352 1965 442 2029 vobis
456 1989 512 2050 pro
528 1967 626 2031 salute
647 1968 822 2031 animarum
839 1980 1010 2032 vestrarum
1036 1993 1068 2032 os
1090 1969 1288 2032 mortalitatis

133 2080 245 2131 nostrae
260 2080 393 2145 enarrat,
410 2082 573 2155 acceptum
588 2071 678 2133 vobis
692 2070 792 2157 pietas
808 2071 915 2136 divina
931 2072 1054 2136 efficiat.
1100 2073 1216 2136 Amen.

179 2172 226 2234 Ut
242 2170 357 2234 divinis
373 2172 567 2235 sermonibus
582 2173 712 2235 animati
737 2197 809 2236 cum
833 2172 877 2236 eis
900 2174 954 2258 qui
978 2199 1035 2261 pro
1050 2175 1138 2239 vobis
1153 2175 1288 2261 vigilant

134 2274 174 2336 ad
188 2286 334 2337 aeternam
350 2274 578 2338 beatitudinem
592 2275 775 2338 mereamini
791 2276 954 2362 pervenire
970 2276 1077 2340 inlaesi.
1123 2277 1238 2340 Amen.

180 2377 271 2456 Quod
286 2377 361 2462 ipse.
407 2377 523 2441 Amen.

179 2480 363 2544 Benedictio
380 2480 440 2543 Dei
459 2480 567 2544 Patris.

450 2687 483 2748 F
480 2688 545 2749 erio
560 2688 593 2772 ij.
610 2686 788 2750 Benedictio
804 2688 966 2751 cotidiano.

181 2820 386 2907 Omnipotens
403 2822 487 2885 Deus
514 2845 568 2884 sua
592 2845 647 2885 vos
672 2822 836 2887 clementia
860 2824 1034 2902 benedicat,
1054 2835 1086 2886 et
1106 2845 1228 2886 sensum
1254 2822 1287 2885 in

134 2925 223 2988 vobis
238 2924 395 3010 sapientiae
410 2925 552 2988 salutaris
567 2923 721 2988 infundat.
767 2926 883 2989 Amen.

179 3028 346 3092 Catholicae
361 3051 416 3091 vos
431 3027 504 3092 fidei
520 3027 716 3091 documentis
736 3029 883 3107 enutriat,
900 3041 932 3092 et
954 3029 987 3091 in
1008 3028 1121 3093 sanctis
1144 3028 1288 3115 operibus

133 3133 371 3215 perseverabiles
385 3132 509 3196 reddat:
534 3154 655 3218 gressus
670 3143 787 3195 vestros
802 3132 841 3196 ab
856 3156 957 3197 errore
973 3144 1145 3212 convertat,
1162 3143 1193 3195 et
1202 3131 1287 3194 viam

134 3235 223 3298 vobis
237 3235 321 3321 pacis
337 3248 368 3299 et
382 3235 519 3299 caritatis
534 3235 686 3298 ostendat.
731 3235 846 3299 Amen.

181 3338 272 3416 Quod
286 3338 361 3423 ipse.
407 3338 545 3410 Amen„

179 3439 373 3502 Benedictio.
420 3439 536 3502 Amen.

448 3627 544 3689 Fenio
559 3628 606 3713 iij.
634 3626 811 3691 Benedictio
827 3629 990 3692 cotidiene.

180 3767 315 3831 Inclinet
331 3763 486 3829 Dominus
501 3787 608 3828 aurern
624 3786 711 3826 suam
732 3764 772 3827 ad
793 3787 899 3851 preces
914 3777 1022 3828 vestrae
1042 3764 1240 3841 humilitatis,
1256 3779 1288 3829 et

135 3868 188 3932 det
214 3870 302 3933 vobis
328 3867 462 3956 gratiam
492 3890 553 3930 suae
579 3865 815 3945 benedictionis,
847 3879 878 3930 et
907 3868 1063 3954 premium
1093 3867 1288 3953 sempiternae

135 3972 250 4035 salutis.
296 3973 412 4034 Amen.

180 4075 330 4140 Omnium
354 4084 552 4160 peecatorum
572 4082 747 4135 vestrorum
762 4071 889 4135 vincula
909 4073 1019 4151 solvat,
1035 4085 1067 4137 et
1091 4074 1130 4137 ad
1154 4073 1287 4160 gloriam

130 4180 354 4266 sempiternam
370 4176 534 4263 pervenire
549 4198 605 4239 vos
620 4174 721 4238 faciat.
767 4176 883 4239 Amen.

179 4281 370 4368 Multiplicet
396 4278 544 4358 invehis
572 4277 727 4342 Dominus
752 4279 874 4366 copiam
902 4303 962 4344 suae
992 4279 1229 4360 benedictionis,
1257 4293 1289 4359 et

136 4387 299 4452 confirmet
313 4409 369 4450 vos
383 4386 418 4448 in
433 4407 486 4472 spe
501 4383 593 4470 regni
608 4382 748 4447 coelestis.
795 4384 911 4460 Amen.
