<?xml version="1.0" encoding="UTF-8"?>
<!DOCTYPE html PUBLIC "-//W3C//DTD XHTML 1.0 Transitional//EN"
    "http://www.w3.org/TR/xhtml1/DTD/xhtml1-transitional.dtd">
<html xmlns="http://www.w3.org/1999/xhtml" xml:lang="en" lang="en">
 <head>
  <title>
</title>
<meta http-equiv="Content-Type" content="text/html;charset=utf-8" />
  <meta name='ocr-system' content='tesseract 3.04.00' />
  <meta name='ocr-capabilities' content='ocr_page ocr_carea ocr_par ocr_line ocrx_word'/>
</head>
<body>
  <div class='ocr_page' id='page_1' title='image "./pontificalegber00churgoog_0147.png"; bbox 0 0 2866 4934; ppageno 0'>
   <div class='ocr_carea' id='block_1_1' title="bbox 131 332 975 392">
    <p class='ocr_par' dir='ltr' id='par_1_1' title="bbox 131 332 975 392">
     <span class='ocr_line' id='line_1_1' title="bbox 131 332 975 392; baseline 0.002 -2"><span class='ocrx_word' id='word_1_1' title='bbox 131 332 191 390; x_wconf 90' lang='lat'>110</span> <span class='ocrx_word' id='word_1_2' title='bbox 488 345 731 392; x_wconf 75' lang='lat' dir='ltr'>roummcnua</span> <span class='ocrx_word' id='word_1_3' title='bbox 747 343 975 392; x_wconf 82' lang='lat' dir='ltr'>rcoananrr.</span> 
     </span>
    </p>
   </div>
   <div class='ocr_carea' id='block_1_2' title="bbox 129 498 1286 589">
    <p class='ocr_par' dir='ltr' id='par_1_2' title="bbox 129 498 1286 589">
     <span class='ocr_line' id='line_1_2' title="bbox 129 498 1286 589; baseline 0.003 -26"><span class='ocrx_word' id='word_1_4' title='bbox 129 499 182 563; x_wconf 90' lang='lat' dir='ltr'>scd</span> <span class='ocrx_word' id='word_1_5' title='bbox 198 498 334 585; x_wconf 81' lang='lat' dir='ltr'>regalem</span> <span class='ocrx_word' id='word_1_6' title='bbox 345 499 476 582; x_wconf 86' lang='lat' dir='ltr'>januam</span> <span class='ocrx_word' id='word_1_7' title='bbox 492 525 564 564; x_wconf 90' lang='lat' dir='ltr'>cum</span> <span class='ocrx_word' id='word_1_8' title='bbox 581 501 769 589; x_wconf 87' lang='lat' dir='ltr'>sapientibus</span> <span class='ocrx_word' id='word_1_9' title='bbox 778 499 960 586; x_wconf 88' lang='lat' dir='ltr'>virginibus</span> <span class='ocrx_word' id='word_1_10' title='bbox 977 501 1122 566; x_wconf 80' lang='lat' dir='ltr'>licenter</span> <span class='ocrx_word' id='word_1_11' title='bbox 1136 503 1286 578; x_wconf 86' lang='lat' dir='ltr'>introeant,</span> 
     </span>
    </p>
   </div>
   <div class='ocr_carea' id='block_1_3' title="bbox 126 601 1287 770">
    <p class='ocr_par' dir='ltr' id='par_1_3' title="bbox 126 601 1287 770">
     <span class='ocr_line' id='line_1_3' title="bbox 126 601 1287 693; baseline 0.003 -27"><span class='ocrx_word' id='word_1_12' title='bbox 126 615 160 666; x_wconf 91' lang='lat' dir='ltr'>et</span> <span class='ocrx_word' id='word_1_13' title='bbox 177 601 284 687; x_wconf 86' lang='lat' dir='ltr'>magni</span> <span class='ocrx_word' id='word_1_14' title='bbox 304 601 352 664; x_wconf 91' lang='lat' dir='ltr'>tui</span> <span class='ocrx_word' id='word_1_15' title='bbox 372 617 523 689; x_wconf 86' lang='lat' dir='ltr'>perpetuo</span> <span class='ocrx_word' id='word_1_16' title='bbox 538 606 690 669; x_wconf 88' lang='lat' dir='ltr'>comitatu</span> <span class='ocrx_word' id='word_1_17' title='bbox 705 603 880 691; x_wconf 80' lang='lat' dir='ltr'>probabiles</span> <span class='ocrx_word' id='word_1_18' title='bbox 893 628 1052 669; x_wconf 88' lang='lat' dir='ltr'>mansura</span> <span class='ocrx_word' id='word_1_19' title='bbox 1069 607 1216 671; x_wconf 87' lang='lat' dir='ltr'>castitate</span> <span class='ocrx_word' id='word_1_20' title='bbox 1232 630 1287 693; x_wconf 87' lang='lat' dir='ltr'>per-</span> 
     </span>
     <span class='ocr_line' id='line_1_4' title="bbox 130 704 400 770; baseline -0.011 0"><span class='ocrx_word' id='word_1_21' title='bbox 130 719 285 770; x_wconf 89' lang='lat' dir='ltr'>maneant.</span> <span class='ocrx_word' id='word_1_22' title='bbox 332 704 400 768; x_wconf 91' lang='lat' dir='ltr'>Per.</span> 
     </span>
    </p>
   </div>
   <div class='ocr_carea' id='block_1_4' title="bbox 446 881 969 967">
    <p class='ocr_par' dir='ltr' id='par_1_4' title="bbox 446 881 969 967">
     <span class='ocr_line' id='line_1_5' title="bbox 446 881 969 967; baseline 0.002 -25"><span class='ocrx_word' id='word_1_23' title='bbox 446 881 526 943; x_wconf 72' lang='lat' dir='ltr'>Item</span> <span class='ocrx_word' id='word_1_24' title='bbox 542 882 607 943; x_wconf 83' lang='lat' dir='ltr'>alia</span> <span class='ocrx_word' id='word_1_25' title='bbox 623 882 661 943; x_wconf 84' lang='lat' dir='ltr'>ab</span> <span class='ocrx_word' id='word_1_26' title='bbox 677 882 812 967; x_wconf 73' lang='lat' dir='ltr'>episcopo</span> <span class='ocrx_word' id='word_1_27' title='bbox 828 881 969 943; x_wconf 75' lang='lat' dir='ltr'>dicenda.</span> 
     </span>
    </p>
   </div>
   <div class='ocr_carea' id='block_1_5' title="bbox 130 1016 1293 2545">
    <p class='ocr_par' dir='ltr' id='par_1_5' title="bbox 130 1016 1293 2545">
     <span class='ocr_line' id='line_1_6' title="bbox 175 1016 1287 1107; baseline 0.006 -28"><span class='ocrx_word' id='word_1_28' title='bbox 175 1017 270 1093; x_wconf 89' lang='lat' dir='ltr'>Deus,</span> <span class='ocrx_word' id='word_1_29' title='bbox 294 1032 449 1079; x_wconf 86' lang='lat' dir='ltr'>castorum</span> <span class='ocrx_word' id='word_1_30' title='bbox 472 1041 638 1104; x_wconf 87' lang='lat' dir='ltr'>corporum</span> <span class='ocrx_word' id='word_1_31' title='bbox 663 1018 816 1105; x_wconf 88' lang='lat' dir='ltr'>benignus</span> <span class='ocrx_word' id='word_1_32' title='bbox 838 1016 1053 1098; x_wconf 81' lang='lat' dir='ltr'><strong>inhabitator,</strong></span> <span class='ocrx_word' id='word_1_33' title='bbox 1080 1032 1117 1084; x_wconf 89' lang='lat' dir='ltr'>et</span> <span class='ocrx_word' id='word_1_34' title='bbox 1141 1021 1287 1107; x_wconf 85' lang='lat' dir='ltr'>incorrup</span> 
     </span>
     <span class='ocr_line' id='line_1_7' title="bbox 131 1119 1286 1208; baseline 0.003 -22"><span class='ocrx_word' id='word_1_35' title='bbox 131 1136 232 1186; x_wconf 86' lang='lat' dir='ltr'>tarum</span> <span class='ocrx_word' id='word_1_36' title='bbox 258 1133 377 1184; x_wconf 89' lang='lat' dir='ltr'>amator</span> <span class='ocrx_word' id='word_1_37' title='bbox 397 1120 584 1200; x_wconf 88' lang='lat' dir='ltr'>animarum,</span> <span class='ocrx_word' id='word_1_38' title='bbox 599 1121 718 1208; x_wconf 80' lang='lat' dir='ltr'>respice</span> <span class='ocrx_word' id='word_1_39' title='bbox 740 1143 831 1207; x_wconf 88' lang='lat' dir='ltr'>super</span> <span class='ocrx_word' id='word_1_40' title='bbox 849 1119 933 1184; x_wconf 88' lang='lat' dir='ltr'>hanc</span> <span class='ocrx_word' id='word_1_41' title='bbox 952 1120 1117 1187; x_wconf 84' lang='lat' dir='ltr'>famulam</span> <span class='ocrx_word' id='word_1_42' title='bbox 1134 1136 1221 1188; x_wconf 88' lang='lat' dir='ltr'>tuam</span> <span class='ocrx_word' id='word_1_43' title='bbox 1237 1125 1286 1201; x_wconf 82' lang='lat' dir='ltr'>Ill,</span> 
     </span>
     <span class='ocr_line' id='line_1_8' title="bbox 130 1223 1286 1311; baseline 0.004 -25"><span class='ocrx_word' id='word_1_44' title='bbox 130 1249 198 1310; x_wconf 67' lang='lat' dir='ltr'>quae</span> <span class='ocrx_word' id='word_1_45' title='bbox 223 1224 280 1287; x_wconf 89' lang='lat' dir='ltr'>tibi</span> <span class='ocrx_word' id='word_1_46' title='bbox 305 1223 505 1287; x_wconf 91' lang='lat' dir='ltr'>devotionem</span> <span class='ocrx_word' id='word_1_47' title='bbox 539 1247 626 1287; x_wconf 91' lang='lat' dir='ltr'>suam</span> <span class='ocrx_word' id='word_1_48' title='bbox 652 1224 752 1301; x_wconf 88' lang='lat' dir='ltr'>offert,</span> <span class='ocrx_word' id='word_1_49' title='bbox 781 1247 799 1286; x_wconf 92' lang='lat' dir='ltr'>a</span> <span class='ocrx_word' id='word_1_50' title='bbox 823 1246 886 1309; x_wconf 90' lang='lat' dir='ltr'>quo</span> <span class='ocrx_word' id='word_1_51' title='bbox 917 1237 952 1287; x_wconf 89' lang='lat' dir='ltr'>et</span> <span class='ocrx_word' id='word_1_52' title='bbox 976 1225 1050 1311; x_wconf 88' lang='lat' dir='ltr'>ipsa</span> <span class='ocrx_word' id='word_1_53' title='bbox 1074 1227 1166 1291; x_wconf 90' lang='lat' dir='ltr'>idem</span> <span class='ocrx_word' id='word_1_54' title='bbox 1189 1241 1286 1291; x_wconf 84' lang='lat' dir='ltr'>votum</span> 
     </span>
     <span class='ocr_line' id='line_1_9' title="bbox 130 1325 1288 1418; baseline 0.001 -26"><span class='ocrx_word' id='word_1_55' title='bbox 130 1327 303 1414; x_wconf 78' lang='lat' dir='ltr'>assumpsit.</span> <span class='ocrx_word' id='word_1_56' title='bbox 351 1327 399 1390; x_wconf 89' lang='lat' dir='ltr'>Sit</span> <span class='ocrx_word' id='word_1_57' title='bbox 421 1327 454 1389; x_wconf 93' lang='lat' dir='ltr'>in</span> <span class='ocrx_word' id='word_1_58' title='bbox 479 1350 525 1405; x_wconf 90' lang='lat' dir='ltr'>ea,</span> <span class='ocrx_word' id='word_1_59' title='bbox 550 1328 697 1404; x_wconf 84' lang='lat' dir='ltr'>Domine,</span> <span class='ocrx_word' id='word_1_60' title='bbox 719 1350 774 1414; x_wconf 89' lang='lat' dir='ltr'>per</span> <span class='ocrx_word' id='word_1_61' title='bbox 797 1325 916 1389; x_wconf 92' lang='lat' dir='ltr'>donum</span> <span class='ocrx_word' id='word_1_62' title='bbox 935 1327 1081 1414; x_wconf 82' lang='lat' dir='ltr'>Spiritus</span> <span class='ocrx_word' id='word_1_63' title='bbox 1097 1330 1150 1394; x_wconf 92' lang='lat' dir='ltr'>tui</span> <span class='ocrx_word' id='word_1_64' title='bbox 1164 1331 1288 1418; x_wconf 88' lang='lat' dir='ltr'>pmdens</span> 
     </span>
     <span class='ocr_line' id='line_1_10' title="bbox 132 1429 1289 1518; baseline 0.003 -25"><span class='ocrx_word' id='word_1_65' title='bbox 132 1431 293 1506; x_wconf 88' lang='lat' dir='ltr'>modestia,</span> <span class='ocrx_word' id='word_1_66' title='bbox 306 1429 427 1514; x_wconf 91' lang='lat' dir='ltr'>sapiens</span> <span class='ocrx_word' id='word_1_67' title='bbox 441 1430 630 1516; x_wconf 77' lang='lat' dir='ltr'>benignitas,</span> <span class='ocrx_word' id='word_1_68' title='bbox 640 1431 744 1518; x_wconf 82' lang='lat' dir='ltr'>gravis</span> <span class='ocrx_word' id='word_1_69' title='bbox 759 1430 887 1507; x_wconf 86' lang='lat' dir='ltr'>laenitas,</span> <span class='ocrx_word' id='word_1_70' title='bbox 900 1443 986 1494; x_wconf 89' lang='lat' dir='ltr'>casta</span> <span class='ocrx_word' id='word_1_71' title='bbox 1008 1432 1161 1498; x_wconf 89' lang='lat' dir='ltr'>libertas:</span> <span class='ocrx_word' id='word_1_72' title='bbox 1183 1435 1289 1498; x_wconf 82' lang='lat' dir='ltr'>ferveat</span> 
     </span>
     <span class='ocr_line' id='line_1_11' title="bbox 131 1532 1289 1621; baseline 0.003 -26"><span class='ocrx_word' id='word_1_73' title='bbox 131 1533 165 1596; x_wconf 92' lang='lat' dir='ltr'>in</span> <span class='ocrx_word' id='word_1_74' title='bbox 189 1534 327 1610; x_wconf 88' lang='lat' dir='ltr'>caritate,</span> <span class='ocrx_word' id='word_1_75' title='bbox 351 1545 383 1596; x_wconf 91' lang='lat' dir='ltr'>et</span> <span class='ocrx_word' id='word_1_76' title='bbox 409 1532 507 1595; x_wconf 82' lang='lat' dir='ltr'>nichil</span> <span class='ocrx_word' id='word_1_77' title='bbox 531 1548 621 1598; x_wconf 86' lang='lat' dir='ltr'>extra</span> <span class='ocrx_word' id='word_1_78' title='bbox 644 1547 676 1599; x_wconf 93' lang='lat' dir='ltr'>te</span> <span class='ocrx_word' id='word_1_79' title='bbox 701 1534 823 1620; x_wconf 89' lang='lat' dir='ltr'>diligat,</span> <span class='ocrx_word' id='word_1_80' title='bbox 847 1533 1121 1621; x_wconf 85' lang='lat' dir='ltr'>laudabiliterque</span> <span class='ocrx_word' id='word_1_81' title='bbox 1146 1538 1242 1615; x_wconf 87' lang='lat' dir='ltr'>vivat,</span> <span class='ocrx_word' id='word_1_82' title='bbox 1262 1550 1289 1600; x_wconf 89' lang='lat' dir='ltr'>et</span> 
     </span>
     <span class='ocr_line' id='line_1_12' title="bbox 131 1635 1287 1720; baseline 0.007 -23"><span class='ocrx_word' id='word_1_83' title='bbox 131 1635 250 1698; x_wconf 88' lang='lat' dir='ltr'>laudari</span> <span class='ocrx_word' id='word_1_84' title='bbox 266 1659 330 1698; x_wconf 92' lang='lat' dir='ltr'>non</span> <span class='ocrx_word' id='word_1_85' title='bbox 345 1647 485 1720; x_wconf 85' lang='lat' dir='ltr'>appetat:</span> <span class='ocrx_word' id='word_1_86' title='bbox 503 1649 534 1700; x_wconf 92' lang='lat' dir='ltr'>te</span> <span class='ocrx_word' id='word_1_87' title='bbox 549 1637 670 1715; x_wconf 90' lang='lat' dir='ltr'>timeat,</span> <span class='ocrx_word' id='word_1_88' title='bbox 682 1638 740 1702; x_wconf 93' lang='lat' dir='ltr'>tibi</span> <span class='ocrx_word' id='word_1_89' title='bbox 755 1660 858 1700; x_wconf 90' lang='lat' dir='ltr'>amore</span> <span class='ocrx_word' id='word_1_90' title='bbox 874 1636 1006 1700; x_wconf 87' lang='lat' dir='ltr'>serviat:</span> <span class='ocrx_word' id='word_1_91' title='bbox 1031 1651 1072 1701; x_wconf 93' lang='lat' dir='ltr'>tu</span> <span class='ocrx_word' id='word_1_92' title='bbox 1088 1640 1121 1703; x_wconf 93' lang='lat' dir='ltr'>ei</span> <span class='ocrx_word' id='word_1_93' title='bbox 1137 1640 1246 1718; x_wconf 89' lang='lat' dir='ltr'>honor,</span> <span class='ocrx_word' id='word_1_94' title='bbox 1258 1653 1287 1704; x_wconf 93' lang='lat' dir='ltr'>tu</span> 
     </span>
     <span class='ocr_line' id='line_1_13' title="bbox 131 1738 1289 1826; baseline 0.004 -24"><span class='ocrx_word' id='word_1_95' title='bbox 131 1739 294 1826; x_wconf 90' lang='lat' dir='ltr'>gaudium,</span> <span class='ocrx_word' id='word_1_96' title='bbox 311 1738 395 1801; x_wconf 88' lang='lat' dir='ltr'>tuin</span> <span class='ocrx_word' id='word_1_97' title='bbox 411 1762 530 1802; x_wconf 91' lang='lat' dir='ltr'>merore</span> <span class='ocrx_word' id='word_1_98' title='bbox 549 1740 710 1817; x_wconf 90' lang='lat' dir='ltr'>solacium,</span> <span class='ocrx_word' id='word_1_99' title='bbox 727 1752 763 1804; x_wconf 93' lang='lat' dir='ltr'>tu</span> <span class='ocrx_word' id='word_1_100' title='bbox 777 1740 811 1801; x_wconf 91' lang='lat' dir='ltr'>in</span> <span class='ocrx_word' id='word_1_101' title='bbox 827 1739 1040 1825; x_wconf 82' lang='lat' dir='ltr'>ambiguitate</span> <span class='ocrx_word' id='word_1_102' title='bbox 1062 1745 1244 1821; x_wconf 90' lang='lat' dir='ltr'>consilium,</span> <span class='ocrx_word' id='word_1_103' title='bbox 1258 1756 1289 1807; x_wconf 91' lang='lat' dir='ltr'>tu</span> 
     </span>
     <span class='ocr_line' id='line_1_14' title="bbox 132 1842 1290 1931; baseline 0.005 -26"><span class='ocrx_word' id='word_1_104' title='bbox 132 1843 165 1906; x_wconf 94' lang='lat' dir='ltr'>in</span> <span class='ocrx_word' id='word_1_105' title='bbox 182 1843 295 1925; x_wconf 89' lang='lat' dir='ltr'>injuria</span> <span class='ocrx_word' id='word_1_106' title='bbox 311 1842 460 1920; x_wconf 89' lang='lat' dir='ltr'>defensi0,</span> <span class='ocrx_word' id='word_1_107' title='bbox 476 1843 510 1905; x_wconf 93' lang='lat' dir='ltr'>in</span> <span class='ocrx_word' id='word_1_108' title='bbox 526 1843 729 1908; x_wconf 85' lang='lat' dir='ltr'>tribulatione</span> <span class='ocrx_word' id='word_1_109' title='bbox 745 1843 906 1930; x_wconf 89' lang='lat' dir='ltr'>patientia,</span> <span class='ocrx_word' id='word_1_110' title='bbox 917 1842 951 1904; x_wconf 90' lang='lat' dir='ltr'>in</span> <span class='ocrx_word' id='word_1_111' title='bbox 967 1860 1164 1931; x_wconf 89' lang='lat' dir='ltr'>paupertate</span> <span class='ocrx_word' id='word_1_112' title='bbox 1178 1849 1290 1913; x_wconf 91' lang='lat' dir='ltr'>habun-</span> 
     </span>
     <span class='ocr_line' id='line_1_15' title="bbox 134 1945 1290 2038; baseline 0.003 -28"><span class='ocrx_word' id='word_1_113' title='bbox 134 1947 252 2024; x_wconf 89' lang='lat' dir='ltr'>dantia,</span> <span class='ocrx_word' id='word_1_114' title='bbox 265 1946 299 2009; x_wconf 93' lang='lat' dir='ltr'>in</span> <span class='ocrx_word' id='word_1_115' title='bbox 311 1946 434 2029; x_wconf 89' lang='lat' dir='ltr'>jejunio</span> <span class='ocrx_word' id='word_1_116' title='bbox 450 1946 557 2030; x_wconf 83' lang='lat' dir='ltr'>cybus,</span> <span class='ocrx_word' id='word_1_117' title='bbox 574 1947 608 2008; x_wconf 91' lang='lat' dir='ltr'>in</span> <span class='ocrx_word' id='word_1_118' title='bbox 623 1947 806 2011; x_wconf 88' lang='lat' dir='ltr'>infirmitate</span> <span class='ocrx_word' id='word_1_119' title='bbox 821 1947 861 2010; x_wconf 88' lang='lat' dir='ltr'>sis</span> <span class='ocrx_word' id='word_1_120' title='bbox 875 1945 1054 2013; x_wconf 86' lang='lat' dir='ltr'>medicina:</span> <span class='ocrx_word' id='word_1_121' title='bbox 1070 1974 1131 2036; x_wconf 91' lang='lat' dir='ltr'>per</span> <span class='ocrx_word' id='word_1_122' title='bbox 1147 1965 1190 2030; x_wconf 91' lang='lat' dir='ltr'>te,</span> <span class='ocrx_word' id='word_1_123' title='bbox 1206 1975 1290 2038; x_wconf 90' lang='lat' dir='ltr'>quem</span> 
     </span>
     <span class='ocr_line' id='line_1_16' title="bbox 131 2048 1292 2137; baseline 0.004 -25"><span class='ocrx_word' id='word_1_124' title='bbox 131 2049 263 2134; x_wconf 90' lang='lat' dir='ltr'>diligere</span> <span class='ocrx_word' id='word_1_125' title='bbox 286 2072 377 2134; x_wconf 90' lang='lat' dir='ltr'>super</span> <span class='ocrx_word' id='word_1_126' title='bbox 400 2048 505 2111; x_wconf 88' lang='lat' dir='ltr'>omnia</span> <span class='ocrx_word' id='word_1_127' title='bbox 530 2050 660 2135; x_wconf 89' lang='lat' dir='ltr'>appetit,</span> <span class='ocrx_word' id='word_1_128' title='bbox 688 2052 773 2135; x_wconf 88' lang='lat' dir='ltr'>quod</span> <span class='ocrx_word' id='word_1_129' title='bbox 793 2064 839 2114; x_wconf 89' lang='lat' dir='ltr'>est</span> <span class='ocrx_word' id='word_1_130' title='bbox 862 2049 999 2137; x_wconf 88' lang='lat' dir='ltr'>professa</span> <span class='ocrx_word' id='word_1_131' title='bbox 1024 2055 1202 2133; x_wconf 87' lang='lat' dir='ltr'>custodiat,</span> <span class='ocrx_word' id='word_1_132' title='bbox 1217 2066 1292 2118; x_wconf 91' lang='lat' dir='ltr'>utet</span> 
     </span>
     <span class='ocr_line' id='line_1_17' title="bbox 131 2151 1293 2245; baseline 0.008 -30"><span class='ocrx_word' id='word_1_133' title='bbox 131 2152 252 2215; x_wconf 87' lang='lat' dir='ltr'>hostem</span> <span class='ocrx_word' id='word_1_134' title='bbox 268 2151 433 2238; x_wconf 89' lang='lat' dir='ltr'>antiquum</span> <span class='ocrx_word' id='word_1_135' title='bbox 450 2152 606 2229; x_wconf 88' lang='lat' dir='ltr'>devincat,</span> <span class='ocrx_word' id='word_1_136' title='bbox 623 2165 656 2217; x_wconf 91' lang='lat' dir='ltr'>et</span> <span class='ocrx_word' id='word_1_137' title='bbox 670 2153 819 2216; x_wconf 89' lang='lat' dir='ltr'>vitiorum</span> <span class='ocrx_word' id='word_1_138' title='bbox 845 2152 1002 2238; x_wconf 86' lang='lat' dir='ltr'>squalores</span> <span class='ocrx_word' id='word_1_139' title='bbox 1024 2172 1204 2245; x_wconf 86' lang='lat' dir='ltr'>expurget,</span> <span class='ocrx_word' id='word_1_140' title='bbox 1227 2181 1293 2245; x_wconf 85' lang='lat' dir='ltr'>qua·</span> 
     </span>
     <span class='ocr_line' id='line_1_18' title="bbox 131 2256 1293 2348; baseline 0.006 -28"><span class='ocrx_word' id='word_1_141' title='bbox 131 2270 222 2321; x_wconf 90' lang='lat' dir='ltr'>tenus</span> <span class='ocrx_word' id='word_1_142' title='bbox 246 2256 406 2320; x_wconf 86' lang='lat' dir='ltr'>centesimi</span> <span class='ocrx_word' id='word_1_143' title='bbox 432 2256 550 2319; x_wconf 87' lang='lat' dir='ltr'>fructus</span> <span class='ocrx_word' id='word_1_144' title='bbox 574 2257 657 2320; x_wconf 86' lang='lat' dir='ltr'>dono</span> <span class='ocrx_word' id='word_1_145' title='bbox 682 2256 873 2342; x_wconf 88' lang='lat' dir='ltr'>virginitatis</span> <span class='ocrx_word' id='word_1_146' title='bbox 896 2256 1051 2335; x_wconf 89' lang='lat' dir='ltr'>decorari,</span> <span class='ocrx_word' id='word_1_147' title='bbox 1076 2261 1293 2348; x_wconf 89' lang='lat' dir='ltr'>virtutumque</span> 
     </span>
     <span class='ocr_line' id='line_1_19' title="bbox 132 2356 1293 2444; baseline 0.007 -23"><span class='ocrx_word' id='word_1_148' title='bbox 132 2359 327 2444; x_wconf 87' lang='lat' dir='ltr'>lampadibus</span> <span class='ocrx_word' id='word_1_149' title='bbox 338 2359 494 2436; x_wconf 89' lang='lat' dir='ltr'>exornari,</span> <span class='ocrx_word' id='word_1_150' title='bbox 505 2358 585 2421; x_wconf 91' lang='lat' dir='ltr'>etad</span> <span class='ocrx_word' id='word_1_151' title='bbox 597 2359 767 2422; x_wconf 91' lang='lat' dir='ltr'>electorum</span> <span class='ocrx_word' id='word_1_152' title='bbox 776 2371 901 2421; x_wconf 87' lang='lat' dir='ltr'>tuorum</span> <span class='ocrx_word' id='word_1_153' title='bbox 911 2356 1081 2444; x_wconf 88' lang='lat' dir='ltr'>virginum</span> <span class='ocrx_word' id='word_1_154' title='bbox 1093 2366 1293 2440; x_wconf 84' lang='lat' dir='ltr'>consortium,</span> 
     </span>
     <span class='ocr_line' id='line_1_20' title="bbox 133 2460 801 2545; baseline -0.003 -23"><span class='ocrx_word' id='word_1_155' title='bbox 133 2473 164 2522; x_wconf 91' lang='lat' dir='ltr'>te</span> <span class='ocrx_word' id='word_1_156' title='bbox 179 2460 327 2536; x_wconf 87' lang='lat' dir='ltr'>donante,</span> <span class='ocrx_word' id='word_1_157' title='bbox 344 2473 499 2522; x_wconf 90' lang='lat' dir='ltr'>mereatur</span> <span class='ocrx_word' id='word_1_158' title='bbox 514 2460 685 2545; x_wconf 87' lang='lat' dir='ltr'>pervenire.</span> <span class='ocrx_word' id='word_1_159' title='bbox 734 2460 801 2522; x_wconf 92' lang='lat' dir='ltr'>Per.</span> 
     </span>
    </p>
   </div>
   <div class='ocr_carea' id='block_1_6' title="bbox 512 2632 914 2697">
    <p class='ocr_par' dir='ltr' id='par_1_6' title="bbox 512 2632 914 2697">
     <span class='ocr_line' id='line_1_21' title="bbox 512 2632 914 2697; baseline -0.01 -1"><span class='ocrx_word' id='word_1_160' title='bbox 512 2632 764 2697; x_wconf 78' lang='lat' dir='ltr'>Consscaamo</span> <span class='ocrx_word' id='word_1_161' title='bbox 781 2650 914 2696; x_wconf 79' lang='lat' dir='ltr'>vmum.</span> 
     </span>
    </p>
   </div>
   <div class='ocr_carea' id='block_1_7' title="bbox 132 2767 1296 3884">
    <p class='ocr_par' dir='ltr' id='par_1_7' title="bbox 132 2767 1295 3372">
     <span class='ocr_line' id='line_1_22' title="bbox 178 2767 1294 2863; baseline 0.004 -27"><span class='ocrx_word' id='word_1_162' title='bbox 178 2770 356 2848; x_wconf 81' lang='lat' dir='ltr'>Consolare,</span> <span class='ocrx_word' id='word_1_163' title='bbox 374 2770 521 2847; x_wconf 88' lang='lat' dir='ltr'>Domine,</span> <span class='ocrx_word' id='word_1_164' title='bbox 538 2769 619 2833; x_wconf 90' lang='lat' dir='ltr'>hanc</span> <span class='ocrx_word' id='word_1_165' title='bbox 634 2770 784 2834; x_wconf 87' lang='lat' dir='ltr'>famulam</span> <span class='ocrx_word' id='word_1_166' title='bbox 800 2783 886 2835; x_wconf 88' lang='lat' dir='ltr'>tuam</span> <span class='ocrx_word' id='word_1_167' title='bbox 902 2767 1070 2835; x_wconf 84' lang='lat' dir='ltr'>viduitatis</span> <span class='ocrx_word' id='word_1_168' title='bbox 1087 2773 1294 2863; x_wconf 90' lang='lat' dir='ltr'>languoribus</span> 
     </span>
     <span class='ocr_line' id='line_1_23' title="bbox 132 2872 1295 2967; baseline 0.003 -28"><span class='ocrx_word' id='word_1_169' title='bbox 132 2875 341 2951; x_wconf 76' lang='lat' dir='ltr'>constrictam,</span> <span class='ocrx_word' id='word_1_170' title='bbox 358 2874 438 2938; x_wconf 89' lang='lat' dir='ltr'>sicut</span> <span class='ocrx_word' id='word_1_171' title='bbox 462 2873 614 2938; x_wconf 90' lang='lat' dir='ltr'>consolari</span> <span class='ocrx_word' id='word_1_172' title='bbox 638 2873 786 2960; x_wconf 90' lang='lat' dir='ltr'>dignatus</span> <span class='ocrx_word' id='word_1_173' title='bbox 811 2896 842 2937; x_wconf 87' lang='lat' dir='ltr'>es</span> <span class='ocrx_word' id='word_1_174' title='bbox 868 2872 1072 2959; x_wconf 85' lang='lat' dir='ltr'>Saraptenam</span> <span class='ocrx_word' id='word_1_175' title='bbox 1089 2879 1228 2944; x_wconf 87' lang='lat' dir='ltr'>viduam</span> <span class='ocrx_word' id='word_1_176' title='bbox 1242 2904 1295 2967; x_wconf 89' lang='lat' dir='ltr'>per</span> 
     </span>
     <span class='ocr_line' id='line_1_24' title="bbox 133 2976 1294 3069; baseline 0.007 -29"><span class='ocrx_word' id='word_1_177' title='bbox 133 2977 235 3040; x_wconf 78' lang='lat' dir='ltr'>Ellam</span> <span class='ocrx_word' id='word_1_178' title='bbox 258 2977 457 3062; x_wconf 64' lang='lat' dir='ltr'>prophetam</span> <span class='ocrx_word' id='word_1_179' title='bbox 481 2976 616 3040; x_wconf 90' lang='lat' dir='ltr'>concede</span> <span class='ocrx_word' id='word_1_180' title='bbox 638 2977 667 3039; x_wconf 91' lang='lat' dir='ltr'>ei</span> <span class='ocrx_word' id='word_1_181' title='bbox 690 2976 849 3063; x_wconf 76' lang='lat' dir='ltr'>pudicitiae</span> <span class='ocrx_word' id='word_1_182' title='bbox 864 2977 1011 3054; x_wconf 84' lang='lat' dir='ltr'>fructum,</span> <span class='ocrx_word' id='word_1_183' title='bbox 1028 2991 1067 3042; x_wconf 93' lang='lat' dir='ltr'>ut</span> <span class='ocrx_word' id='word_1_184' title='bbox 1089 2982 1294 3069; x_wconf 89' lang='lat' dir='ltr'>antiquamm</span> 
     </span>
     <span class='ocr_line' id='line_1_25' title="bbox 133 3079 1295 3166; baseline 0.009 -26"><span class='ocrx_word' id='word_1_185' title='bbox 133 3102 197 3141; x_wconf 91' lang='lat' dir='ltr'>non</span> <span class='ocrx_word' id='word_1_186' title='bbox 213 3079 391 3142; x_wconf 90' lang='lat' dir='ltr'>meminerit</span> <span class='ocrx_word' id='word_1_187' title='bbox 407 3081 621 3166; x_wconf 85' lang='lat' dir='ltr'>voluptatum:</span> <span class='ocrx_word' id='word_1_188' title='bbox 645 3080 762 3144; x_wconf 89' lang='lat' dir='ltr'>nesciat</span> <span class='ocrx_word' id='word_1_189' title='bbox 789 3079 884 3144; x_wconf 89' lang='lat' dir='ltr'>etiam</span> <span class='ocrx_word' id='word_1_190' title='bbox 898 3079 1060 3144; x_wconf 87' lang='lat' dir='ltr'>incentiva</span> <span class='ocrx_word' id='word_1_191' title='bbox 1076 3082 1248 3166; x_wconf 87' lang='lat' dir='ltr'>desideria,</span> <span class='ocrx_word' id='word_1_192' title='bbox 1260 3098 1295 3149; x_wconf 85' lang='lat' dir='ltr'>ut</span> 
     </span>
     <span class='ocr_line' id='line_1_26' title="bbox 133 3180 1295 3270; baseline 0.009 -26"><span class='ocrx_word' id='word_1_193' title='bbox 133 3181 189 3244; x_wconf 87' lang='lat' dir='ltr'>soli</span> <span class='ocrx_word' id='word_1_194' title='bbox 205 3180 264 3243; x_wconf 88' lang='lat' dir='ltr'>tibi</span> <span class='ocrx_word' id='word_1_195' title='bbox 280 3181 391 3244; x_wconf 89' lang='lat' dir='ltr'>subdat</span> <span class='ocrx_word' id='word_1_196' title='bbox 406 3183 530 3269; x_wconf 91' lang='lat' dir='ltr'>propria</span> <span class='ocrx_word' id='word_1_197' title='bbox 545 3182 634 3260; x_wconf 87' lang='lat' dir='ltr'>eolla,</span> <span class='ocrx_word' id='word_1_198' title='bbox 651 3207 713 3268; x_wconf 94' lang='lat' dir='ltr'>quo</span> <span class='ocrx_word' id='word_1_199' title='bbox 728 3183 825 3270; x_wconf 88' lang='lat' dir='ltr'>possit</span> <span class='ocrx_word' id='word_1_200' title='bbox 839 3207 896 3269; x_wconf 90' lang='lat' dir='ltr'>pro</span> <span class='ocrx_word' id='word_1_201' title='bbox 910 3183 1070 3248; x_wconf 87' lang='lat' dir='ltr'>laboribus</span> <span class='ocrx_word' id='word_1_202' title='bbox 1085 3189 1188 3253; x_wconf 87' lang='lat' dir='ltr'>tantis</span> <span class='ocrx_word' id='word_1_203' title='bbox 1209 3214 1295 3255; x_wconf 86' lang='lat' dir='ltr'>sexa·</span> 
     </span>
     <span class='ocr_line' id='line_1_27' title="bbox 133 3285 1235 3372; baseline 0.006 -24"><span class='ocrx_word' id='word_1_204' title='bbox 133 3285 286 3371; x_wconf 84' lang='lat' dir='ltr'>gesimam</span> <span class='ocrx_word' id='word_1_205' title='bbox 303 3307 435 3371; x_wconf 88' lang='lat' dir='ltr'>granum</span> <span class='ocrx_word' id='word_1_206' title='bbox 451 3299 584 3372; x_wconf 89' lang='lat' dir='ltr'>portare,</span> <span class='ocrx_word' id='word_1_207' title='bbox 601 3309 715 3350; x_wconf 90' lang='lat' dir='ltr'>munus</span> <span class='ocrx_word' id='word_1_208' title='bbox 731 3286 913 3351; x_wconf 90' lang='lat' dir='ltr'>delectabile</span> <span class='ocrx_word' id='word_1_209' title='bbox 928 3286 1112 3351; x_wconf 88' lang='lat' dir='ltr'>sanctitatis.</span> <span class='ocrx_word' id='word_1_210' title='bbox 1162 3292 1235 3357; x_wconf 91' lang='lat' dir='ltr'>Per.</span> 
     </span>
    </p>

    <p class='ocr_par' dir='ltr' id='par_1_8' title="bbox 132 3387 1296 3884">
     <span class='ocr_line' id='line_1_28' title="bbox 178 3387 1295 3482; baseline 0.006 -30"><span class='ocrx_word' id='word_1_211' title='bbox 178 3388 273 3465; x_wconf 91' lang='lat' dir='ltr'>Deus,</span> <span class='ocrx_word' id='word_1_212' title='bbox 299 3387 447 3452; x_wconf 88' lang='lat' dir='ltr'>castitatis</span> <span class='ocrx_word' id='word_1_213' title='bbox 469 3402 599 3465; x_wconf 89' lang='lat' dir='ltr'>amator,</span> <span class='ocrx_word' id='word_1_214' title='bbox 624 3400 655 3451; x_wconf 92' lang='lat' dir='ltr'>et</span> <span class='ocrx_word' id='word_1_215' title='bbox 677 3389 877 3452; x_wconf 85' lang='lat' dir='ltr'>continentiae</span> <span class='ocrx_word' id='word_1_216' title='bbox 899 3402 1110 3468; x_wconf 86' lang='lat' dir='ltr'>conservator,</span> <span class='ocrx_word' id='word_1_217' title='bbox 1139 3396 1295 3482; x_wconf 89' lang='lat' dir='ltr'>supplica-</span> 
     </span>
     <span class='ocr_line' id='line_1_29' title="bbox 132 3491 1296 3585; baseline 0.008 -30"><span class='ocrx_word' id='word_1_218' title='bbox 132 3492 251 3557; x_wconf 92' lang='lat' dir='ltr'>tionem</span> <span class='ocrx_word' id='word_1_219' title='bbox 267 3505 403 3555; x_wconf 89' lang='lat' dir='ltr'>nostram</span> <span class='ocrx_word' id='word_1_220' title='bbox 419 3493 575 3579; x_wconf 90' lang='lat' dir='ltr'>benignus</span> <span class='ocrx_word' id='word_1_221' title='bbox 587 3491 712 3570; x_wconf 82' lang='lat' dir='ltr'>exaudi,</span> <span class='ocrx_word' id='word_1_222' title='bbox 724 3505 756 3555; x_wconf 89' lang='lat' dir='ltr'>et</span> <span class='ocrx_word' id='word_1_223' title='bbox 767 3492 849 3556; x_wconf 89' lang='lat' dir='ltr'>hanc</span> <span class='ocrx_word' id='word_1_224' title='bbox 864 3492 1012 3556; x_wconf 90' lang='lat' dir='ltr'>famulam</span> <span class='ocrx_word' id='word_1_225' title='bbox 1029 3504 1120 3556; x_wconf 90' lang='lat' dir='ltr'>tuam</span> <span class='ocrx_word' id='word_1_226' title='bbox 1135 3499 1296 3585; x_wconf 89' lang='lat' dir='ltr'>propitius</span> 
     </span>
     <span class='ocr_line' id='line_1_30' title="bbox 133 3592 1295 3679; baseline 0.008 -23"><span class='ocrx_word' id='word_1_227' title='bbox 133 3593 266 3670; x_wconf 90' lang='lat' dir='ltr'>intuere,</span> <span class='ocrx_word' id='word_1_228' title='bbox 283 3605 319 3655; x_wconf 92' lang='lat' dir='ltr'>ut</span> <span class='ocrx_word' id='word_1_229' title='bbox 334 3614 402 3677; x_wconf 88' lang='lat' dir='ltr'>quac</span> <span class='ocrx_word' id='word_1_230' title='bbox 416 3617 472 3679; x_wconf 90' lang='lat' dir='ltr'>pro</span> <span class='ocrx_word' id='word_1_231' title='bbox 488 3593 602 3656; x_wconf 90' lang='lat' dir='ltr'>timore</span> <span class='ocrx_word' id='word_1_232' title='bbox 623 3603 679 3654; x_wconf 93' lang='lat' dir='ltr'>tuo</span> <span class='ocrx_word' id='word_1_233' title='bbox 697 3593 898 3657; x_wconf 76' lang='lat' dir='ltr'>continentiae</span> <span class='ocrx_word' id='word_1_234' title='bbox 912 3592 1100 3679; x_wconf 88' lang='lat' dir='ltr'>pudicitiam</span> <span class='ocrx_word' id='word_1_235' title='bbox 1116 3599 1223 3678; x_wconf 86' lang='lat' dir='ltr'>vovit,</span> <span class='ocrx_word' id='word_1_236' title='bbox 1240 3613 1295 3664; x_wconf 91' lang='lat' dir='ltr'>tuo</span> 
     </span>
     <span class='ocr_line' id='line_1_31' title="bbox 132 3693 1296 3780; baseline 0.009 -22"><span class='ocrx_word' id='word_1_237' title='bbox 132 3696 252 3758; x_wconf 86' lang='lat' dir='ltr'>auxilio</span> <span class='ocrx_word' id='word_1_238' title='bbox 282 3708 491 3773; x_wconf 89' lang='lat' dir='ltr'>conservetur,</span> <span class='ocrx_word' id='word_1_239' title='bbox 522 3707 558 3757; x_wconf 86' lang='lat' dir='ltr'>ut</span> <span class='ocrx_word' id='word_1_240' title='bbox 588 3693 816 3778; x_wconf 87' lang='lat' dir='ltr'>sexagesimum</span> <span class='ocrx_word' id='word_1_241' title='bbox 847 3695 982 3758; x_wconf 88' lang='lat' dir='ltr'>fructum</span> <span class='ocrx_word' id='word_1_242' title='bbox 1012 3697 1233 3780; x_wconf 87' lang='lat' dir='ltr'>continentiae,</span> <span class='ocrx_word' id='word_1_243' title='bbox 1264 3716 1296 3767; x_wconf 89' lang='lat' dir='ltr'>et</span> 
     </span>
     <span class='ocr_line' id='line_1_32' title="bbox 132 3796 921 3884; baseline 0 -26"><span class='ocrx_word' id='word_1_244' title='bbox 132 3798 229 3861; x_wconf 88' lang='lat' dir='ltr'>vitam</span> <span class='ocrx_word' id='word_1_245' title='bbox 245 3809 402 3873; x_wconf 85' lang='lat' dir='ltr'>aeternam,</span> <span class='ocrx_word' id='word_1_246' title='bbox 420 3810 451 3860; x_wconf 90' lang='lat' dir='ltr'>te</span> <span class='ocrx_word' id='word_1_247' title='bbox 466 3797 629 3884; x_wconf 87' lang='lat' dir='ltr'>largiente,</span> <span class='ocrx_word' id='word_1_248' title='bbox 646 3796 806 3882; x_wconf 90' lang='lat' dir='ltr'>percipiat.</span> <span class='ocrx_word' id='word_1_249' title='bbox 854 3798 921 3860; x_wconf 89' lang='lat' dir='ltr'>Per.</span> 
     </span>
    </p>
   </div>
   <div class='ocr_carea' id='block_1_8' title="bbox 134 3966 1298 4386">
    <p class='ocr_par' dir='ltr' id='par_1_9' title="bbox 134 3966 1298 4386">
     <span class='ocr_line' id='line_1_33' title="bbox 485 3966 931 4032; baseline -0.002 0"><span class='ocrx_word' id='word_1_250' title='bbox 485 3970 542 4032; x_wconf 77' lang='lat' dir='ltr'>Ad</span> <span class='ocrx_word' id='word_1_251' title='bbox 556 3966 684 4030; x_wconf 76' lang='lat' dir='ltr'>ancillas</span> <span class='ocrx_word' id='word_1_252' title='bbox 700 3968 764 4030; x_wconf 78' lang='lat' dir='ltr'>Da·</span> <span class='ocrx_word' id='word_1_253' title='bbox 779 3969 931 4032; x_wconf 75' lang='lat' dir='ltr'>velandae.</span> 
     </span>
     <span class='ocr_line' id='line_1_34' title="bbox 179 4099 1298 4184; baseline 0.016 -23"><span class='ocrx_word' id='word_1_254' title='bbox 179 4100 324 4162; x_wconf 77' lang='lat' dir='ltr'>Famulae</span> <span class='ocrx_word' id='word_1_255' title='bbox 337 4112 405 4162; x_wconf 87' lang='lat' dir='ltr'>tuas</span> <span class='ocrx_word' id='word_1_256' title='bbox 416 4099 479 4183; x_wconf 83' lang='lat' dir='ltr'>(val</span> <span class='ocrx_word' id='word_1_257' title='bbox 487 4103 513 4164; x_wconf 90' lang='lat' dir='ltr'><strong>F</strong></span> <span class='ocrx_word' id='word_1_258' title='bbox 515 4101 651 4164; x_wconf 87' lang='lat' dir='ltr'>amulam</span> <span class='ocrx_word' id='word_1_259' title='bbox 663 4100 775 4184; x_wconf 79' lang='lat' dir='ltr'>tuam),</span> <span class='ocrx_word' id='word_1_260' title='bbox 787 4103 934 4182; x_wconf 92' lang='lat' dir='ltr'>Domine,</span> <span class='ocrx_word' id='word_1_261' title='bbox 945 4115 999 4166; x_wconf 89' lang='lat' dir='ltr'>tua</span> <span class='ocrx_word' id='word_1_262' title='bbox 1011 4108 1158 4174; x_wconf 89' lang='lat' dir='ltr'>custodia</span> <span class='ocrx_word' id='word_1_263' title='bbox 1170 4114 1298 4178; x_wconf 90' lang='lat' dir='ltr'>muniat</span> 
     </span>
     <span class='ocr_line' id='line_1_35' title="bbox 134 4197 1296 4301; baseline 0.017 -44"><span class='ocrx_word' id='word_1_264' title='bbox 134 4197 267 4278; x_wconf 87' lang='lat' dir='ltr'>pietatis,</span> <span class='ocrx_word' id='word_1_265' title='bbox 283 4214 320 4263; x_wconf 92' lang='lat' dir='ltr'>ut</span> <span class='ocrx_word' id='word_1_266' title='bbox 335 4199 526 4284; x_wconf 89' lang='lat' dir='ltr'>virginitatis</span> <span class='ocrx_word' id='word_1_267' title='bbox 543 4201 606 4286; x_wconf 81' lang='lat' dir='ltr'>(vel</span> <span class='ocrx_word' id='word_1_268' title='bbox 621 4199 800 4287; x_wconf 86' lang='lat' dir='ltr'>viduitatis)</span> <span class='ocrx_word' id='word_1_269' title='bbox 824 4218 935 4268; x_wconf 85' lang='lat' dir='ltr'>sanctae</span> <span class='ocrx_word' id='word_1_270' title='bbox 958 4207 1171 4291; x_wconf 90' lang='lat' dir='ltr'>propositum,</span> <span class='ocrx_word' id='word_1_271' title='bbox 1199 4217 1296 4301; x_wconf 86' lang='lat' dir='ltr'>quod,</span> 
     </span>
     <span class='ocr_line' id='line_1_36' title="bbox 135 4297 1297 4386; baseline 0.021 -29"><span class='ocrx_word' id='word_1_272' title='bbox 135 4306 165 4357; x_wconf 91' lang='lat' dir='ltr'>te</span> <span class='ocrx_word' id='word_1_273' title='bbox 177 4297 358 4381; x_wconf 88' lang='lat' dir='ltr'>inspirante,</span> <span class='ocrx_word' id='word_1_274' title='bbox 371 4315 581 4386; x_wconf 89' lang='lat' dir='ltr'>susceperunt,</span> <span class='ocrx_word' id='word_1_275' title='bbox 592 4315 623 4364; x_wconf 90' lang='lat' dir='ltr'>te</span> <span class='ocrx_word' id='word_1_276' title='bbox 639 4313 833 4384; x_wconf 83' lang='lat' dir='ltr'>protegente,</span> <span class='ocrx_word' id='word_1_277' title='bbox 847 4307 980 4370; x_wconf 87' lang='lat' dir='ltr'>inlesum</span> <span class='ocrx_word' id='word_1_278' title='bbox 996 4310 1191 4379; x_wconf 91' lang='lat' dir='ltr'>custodiant.</span> <span class='ocrx_word' id='word_1_279' title='bbox 1228 4320 1297 4383; x_wconf 91' lang='lat' dir='ltr'>Per.</span> 
     </span>
    </p>
   </div>
   <div class='ocr_carea' id='block_1_9' title="bbox 0 0 1445 4934">
    <p class='ocr_par' dir='ltr' id='par_1_10' title="bbox 0 0 1445 4934">
     <span class='ocr_line' id='line_1_37' title="bbox 0 0 1445 4934; baseline 0 0"><span class='ocrx_word' id='word_1_280' title='bbox 0 0 1445 4934; x_wconf 95' lang='lat' dir='ltr'> </span> 
     </span>
    </p>
   </div>
  </div>
 </body>
</html>
