2866 4934
127 302 190 378 xiv
611 326 803 380 serraca.

128 488 320 577 psalterium,
336 488 564 567 lectionarium,
577 488 809 568 antifonarium,
819 487 951 566 mutale,
962 489 1206 575 baptisterium,
1214 517 1293 559 tuar-

127 601 310 691 tyrlogium,
327 603 359 667 in
374 625 455 668 antro
469 603 579 668 circuli
595 601 635 667 ad
650 602 891 689 predicationem
905 624 979 667 cum
994 601 1088 668 bonis
1102 607 1293 690 operibuset

127 725 306 802 compotum
331 737 405 781 cum
428 712 518 801 cyclo
543 714 603 781 hoc
628 725 675 780 est
696 715 751 800 jus
776 713 980 780 sacerdotum.
1020 713 1104 781 Post
1124 740 1168 783 ee
1189 731 1291 784 autem

129 823 360 913 penitentialem
386 826 440 912 qui
465 824 526 891 hoc
549 826 658 892 ordine
684 825 859 891 secuudum
882 826 1104 892 auctoritatem
1133 852 1291 895 muouum

128 936 300 1018 ordinatus,
317 948 353 1003 ut
367 937 567 1003 discretiones
578 939 718 1004 omnium
737 961 904 1004 causarum
918 938 1110 1025 investigem
1137 941 1291 1008 Primitus

128 1050 194 1115 sine
209 1049 323 1135 quibus
347 1061 469 1115 rectum
487 1049 644 1136 judicium
665 1073 727 1114 non
750 1061 851 1136 potest
874 1049 959 1126 dare,
975 1050 1052 1135 quia
1065 1052 1227 1138 scriptum
1246 1066 1290 1120 et

128 1162 159 1228 in
176 1160 263 1228 nulla
278 1184 312 1228 ro
327 1185 476 1250 appareas
500 1162 684 1228 indiscretus
700 1162 754 1226 sed
769 1162 925 1249 distingue
939 1161 1025 1247 quid,
1041 1163 1110 1244 ubi,
1126 1167 1289 1250 quamdiu,

128 1274 263 1361 aptando,
280 1273 414 1361 (qualiter
438 1273 550 1339 debeas
572 1275 684 1351 facere,
708 1296 770 1338 non
793 1273 938 1338 omnibus
960 1296 1035 1359 ergo
1049 1275 1085 1338 in
1098 1298 1168 1340 una
1181 1277 1289 1342 eudem

129 1408 190 1472 tque
211 1385 290 1452 libra
314 1385 507 1472 pensandum
531 1395 599 1463 est;
623 1383 696 1448 licet
718 1383 752 1447 in
774 1407 838 1449 uno
859 1384 1116 1469 constringantur
1130 1388 1222 1466 vitio,
1238 1388 1291 1453 sed

128 1493 272 1561 discretio
287 1495 327 1560 sit
342 1494 512 1580 unicuique
523 1517 652 1571 eorum3
676 1494 736 1560 hoc
753 1505 800 1559 est
819 1496 902 1559 inter
913 1493 1044 1558 divitem
1058 1505 1092 1559 et
1105 1518 1288 1583 pauperem,

128 1603 217 1682 liber,
233 1626 353 1682 servus,
366 1603 476 1682 infans,
489 1625 576 1690 puer,
588 1605 725 1690 juvenis,
742 1604 930 1684 adolescens,
945 1616 1047 1683 etate,
1063 1629 1173 1686 senex,
1189 1609 1289 1685 ebitis,

128 1715 266 1805 ignarus,
293 1715 402 1794 laicus,
427 1716 569 1796 clericus,
594 1719 776 1796 monachus,
801 1719 973 1805 episeopus,
993 1718 1171 1806 presbyter,
1186 1721 1291 1787 diaeo·

131 1852 199 1910 trus,
227 1829 445 1908 sultdiaconua
468 1829 574 1909 lector,
591 1831 621 1896 in
636 1832 740 1920 gradu
754 1831 805 1896 vel
821 1833 896 1910 sine,
912 1834 944 1897 in
959 1832 1117 1919 conjugio,
1132 1835 1187 1898 vel
1201 1859 1289 1921 pere-

128 1940 247 2026 grinus,
266 1942 363 2027 virgo,
380 1940 507 2018 femina,
523 1941 680 2019 canonice,
696 1941 748 2006 vel
772 1946 825 2006 sia
845 1941 995 2019 monialis,
1012 1940 1140 2020 debiles,
1161 1944 1288 2022 infirmi,

129 2048 205 2128 serti,
229 2048 268 2115 de
291 2048 440 2136 qualitate
466 2071 632 2135 corporum
655 2049 707 2114 vel
727 2050 900 2129 hominum,
922 2051 1081 2117 continens
1105 2052 1156 2116 vel
1182 2055 1289 2120 incon·

129 2160 239 2240 tinent,
264 2159 434 2240 voluntate,
459 2159 526 2227 loca
550 2172 582 2226 et
603 2172 743 2248 tempora
766 2161 920 2227 discernat
932 2190 941 2243 3
965 2163 1046 2228 hanc
1059 2164 1288 2232 institutionem

129 2272 357 2339 constituerunt
372 2272 468 2338 snrtcti
485 2270 625 2357 apostoli,
641 2270 752 2336 deinde
767 2273 866 2336 sancti
880 2283 983 2359 patres
998 2284 1030 2337 et
1044 2285 1171 2339 sauctus
1181 2276 1287 2341 Penu-

129 2386 198 2465 flus,
216 2386 328 2452 deinde
343 2409 475 2451 canones
491 2397 668 2449 sanctorum
684 2396 819 2471 patrum,
836 2384 947 2450 deinde
962 2386 1014 2450 alii
1029 2397 1125 2472 atque
1140 2387 1214 2467 alii3
1240 2389 1289 2455 Ut

133 2496 332 2564 llieronirnns
348 2507 379 2562 et
400 2495 577 2584 signatinus
598 2505 629 2560 et
645 2493 818 2581 Gregorius
834 2505 865 2560 et
880 2495 1076 2576 Theodorus,
1093 2520 1133 2561 ex
1149 2521 1287 2584 quorum

129 2608 268 2676 mnnium
290 2608 348 2676 ista
368 2607 586 2696 descripsimus
618 2608 707 2674 dictis
730 2618 761 2672 et
786 2610 944 2674 sententiis
970 2609 1123 2674 veraciter
1147 2620 1184 2673 ut
1207 2610 1289 2676 salvi

129 2720 190 2788 sint
212 2746 317 2788 omnes
333 2733 364 2788 ot
380 2722 589 2808 pusillanimes
610 2720 684 2804 quia
699 2728 837 2804 potentes
859 2731 1000 2805 potenter
1025 2730 1180 2786 tormenta
1206 2724 1287 2807 pati·

129 2845 246 2910 tuntum
272 2832 352 2899 ltern
374 2834 405 2897 in
427 2832 506 2897 Josu
528 2829 584 2894 filii
612 2830 734 2916 Syrach
757 2832 789 2895 in
806 2830 977 2917 judicando
1002 2844 1069 2897 esto
1091 2833 1285 2899 misericorst

133 2939 261 3027 l'upillis
276 2951 312 3005 ut
333 2952 420 3026 pater
438 2952 469 3004 et
493 2961 548 3025 pro
569 2938 635 3003 viro
650 2940 742 3004 matri
758 2940 893 3018 illorum,
910 2942 990 3006 Item
1006 2953 1132 3007 sanctus
1145 2943 1287 3009 lacobus

129 3049 214 3129 dicit,
229 3048 392 3115 ludicium
414 3050 479 3114 sine
502 3049 710 3114 misericordia
733 3052 793 3115 erit
814 3051 868 3128 illi,
895 3054 950 3138 qui
976 3076 1039 3117 non
1064 3053 1140 3119 facit
1164 3055 1287 3120 miseri-

129 3160 288 3240 cordiam
312 3183 406 3247 super
421 3162 536 3227 exaltet
551 3173 656 3226 autem
672 3163 882 3228 misericordie
891 3163 1059 3250 judicium,
1071 3176 1108 3230 ut
1120 3166 1204 3230 idem
1217 3167 1287 3252 ipse

129 3285 346 3360 consequatur,
370 3285 406 3340 ut
430 3285 555 3340 sanctus
580 3275 779 3352 Benedictus,
802 3276 861 3341 hoc
883 3288 931 3342 est
952 3301 1060 3342 veram
1082 3279 1286 3363 penitentiam

129 3384 258 3464 faciunt,
274 3384 305 3450 in
321 3384 442 3471 jejunio
464 3396 495 3451 et
516 3384 601 3463 fletu,
618 3385 650 3448 in
665 3385 848 3465 elemosinis,
865 3389 897 3451 in
913 3387 1112 3466 orationibus,
1128 3400 1160 3453 et
1174 3410 1286 3474 perpe-

129 3505 210 3562 trata
234 3496 347 3563 iterum
371 3520 433 3562 non
456 3497 585 3577 faciunt,
602 3507 633 3561 et
655 3497 680 3562 si
701 3497 820 3562 faciunt
840 3508 945 3562 tamen
959 3520 1022 3561 non
1036 3509 1236 3583 perseverant
1250 3500 1285 3564 in

129 3607 181 3686 eis,
198 3607 271 3694 quia
287 3608 375 3673 Deus
390 3608 479 3686 dixit,
498 3608 616 3673 malum
631 3609 772 3695 cogitasti
787 3609 904 3694 ignovi,
916 3608 1034 3672 malum
1045 3607 1150 3672 dixisti
1164 3608 1285 3695 ignovi,

130 3717 247 3784 antalam
271 3719 371 3785 fecisti
394 3719 511 3806 ignovi,
537 3741 736 3804 perseverare
760 3718 792 3781 in
813 3715 894 3780 malo
909 3739 971 3780 non
986 3717 1121 3800 ignosco,
1138 3739 1213 3803 ergo
1228 3720 1286 3804 qui

129 3842 329 3912 perseverant
352 3830 384 3894 in
399 3830 481 3894 malo
497 3851 558 3893 non
573 3829 707 3914 ignosce,
730 3827 783 3893 sed
807 3827 916 3911 judica
930 3826 1106 3891 districtum
1125 3826 1285 3911 judicium

129 3939 301 4005 secundum
316 3962 458 4016 canones,
475 3950 511 4004 ut
526 3939 578 4003 alii
594 3940 738 4005 timorem
753 3939 898 4002 habeant.
1100 3936 1102 3940 ’

173 4046 219 4112 Vt
241 4050 455 4133 unusquisque
480 4049 622 4114 sacerdos
647 4050 800 4114 aeclesiam
827 4070 916 4110 suam
934 4069 1006 4110 eum
1022 4047 1106 4109 omni
1121 4045 1284 4131 diligentia

128 4155 269 4234 aedificet,
296 4168 327 4222 et
353 4158 499 4243 reliquias
523 4169 702 4224 sanctorum
726 4183 800 4224 cum
824 4178 946 4223 summo
971 4154 1074 4220 studio
1100 4156 1285 4242 vigiliarum

130 4265 228 4328 noctis
244 4277 274 4329 et
286 4266 398 4329 divinis
410 4267 517 4331 officiis
532 4278 712 4348 conservet3
737 4268 786 4332 Ut
800 4286 906 4330 omnes
922 4264 1095 4329 sacerdotes
1109 4266 1193 4330 horis
1208 4292 1283 4334 con-
