2866 4934
471 357 541 405 Pon
545 356 582 401 TI
587 358 718 404 FICALB
733 358 961 405 accusatam.

281 576 459 642 Benedictio
475 577 656 665 episcopalis
671 580 704 641 in
720 580 916 644 ordinatione
931 580 1158 647 Diaconim.

175 708 382 796 Omnipotens
411 718 495 780 licus
519 715 785 780 intercedentibus
809 716 928 780 sanctis
953 717 1153 805 virginibus
1177 718 1237 783 suis
1253 739 1293 779 vos

130 814 280 899 dignetur
294 815 489 896 benedicere,
502 817 556 905 qui
571 816 611 881 de
626 819 757 905 antiquo
771 818 859 881 hoste
869 818 973 883 etiam
984 844 1050 908 per
1067 822 1206 886 feminas
1215 819 1295 885 voluit

131 917 332 1004 triumphare.
379 924 493 984 Amen.

179 1020 220 1083 Et
243 1021 297 1106 qui
321 1022 382 1084 illis
402 1023 504 1086 voluit
524 1022 686 1087 centesimi
701 1022 849 1099 fructum,
866 1022 1095 1112 decoremque
1111 1024 1295 1114 virginiam

133 1137 164 1187 et
179 1148 313 1210 agonem
329 1127 471 1212 martyrii
488 1126 636 1202 conferre,
652 1149 708 1189 vos
723 1125 872 1212 dignetur
886 1137 922 1189 et
934 1127 1105 1194 vitiorum
1121 1130 1296 1218 squaloribus

132 1251 318 1315 expurgare,
334 1245 365 1293 et
380 1230 533 1293 virtutum
549 1228 745 1315 lampadibus
760 1252 921 1292 exornare.
971 1230 1103 1297 Amen.

177 1333 337 1411 Quatenus
345 1333 499 1396 virtutum
510 1333 577 1396 oleo
589 1332 633 1395 ita
643 1344 842 1418 pcccatorum
858 1331 1030 1418 lampades
1045 1337 1179 1422 possint
1192 1335 1296 1424 repleri,

134 1448 170 1497 ut
185 1458 257 1497 cum
273 1435 317 1497 eis
332 1436 462 1499 caelestis
478 1435 581 1523 sponsi
596 1434 770 1498 thalamum
784 1434 915 1499 valeatis
930 1435 1080 1523 ingredi.

180 1536 270 1614 Quod
286 1536 359 1621 ipse.
406 1537 521 1600 Amen.
612 1537 804 1601 Benedictio.

322 1707 498 1773 Benedictio
514 1709 694 1796 episcopalia
710 1710 742 1772 in
758 1710 954 1772 ordinatione
969 1711 1133 1779 Diaconi.

179 1846 350 1909 Benedicat
378 1869 434 1909 vos
466 1848 550 1911 Deus
576 1845 787 1909 misericordia
816 1845 938 1932 plenus,
968 1848 1100 1934 pietate
1130 1853 1301 1927 immensus,

134 1949 293 2032 majestate
309 1947 470 2033 gloriosus,
487 1950 604 2013 virtute
618 1947 793 2034 precipuus.
840 1947 957 2011 Amen.

180 2050 408 2135 Multiplicetur
422 2075 486 2137 pax
501 2052 534 2114 in
546 2052 656 2115 dicbus
671 2051 744 2128 tuis,
757 2049 900 2114 saturitas
916 2050 951 2113 in
963 2063 1133 2141 tempore,
1147 2059 1302 2146 temperies

136 2154 170 2217 in
185 2177 265 2230 acre,
282 2153 400 2217 fructus
416 2154 448 2216 in
464 2154 614 2240 germine.
660 2152 775 2216 Amen.

180 2257 227 2320 Ut
250 2256 324 2319 dum
346 2270 377 2319 te
397 2256 467 2342 pius
482 2257 642 2320 miserator
656 2256 827 2341 locupletat
848 2254 881 2317 in
897 2277 987 2320 suam
1004 2257 1229 2330 hereditatem
1242 2288 1303 2352 pro·

135 2360 232 2447 pitius
247 2359 434 2422 introducat.

181 2462 351 2525 Benedicat
374 2462 406 2522 in
431 2474 462 2522 te
484 2462 639 2525 Dominus
661 2462 831 2549 imaginem
855 2485 950 2547 quam
977 2465 1175 2551 plasmavit,
1200 2487 1233 2538 et
1260 2473 1306 2537 det

136 2565 377 2628 misericordiam
394 2587 486 2650 quam
503 2565 653 2650 promisit.
700 2564 814 2627 Amen.

182 2667 344 2734 Custodiat
359 2667 496 2731 animam
518 2680 604 2730 tuam
625 2691 717 2752 quam
733 2667 867 2731 redemit
881 2669 1039 2735 servando
1055 2678 1205 2761 gratiam
1220 2703 1307 2768 quam

136 2772 284 2859 profudit.

182 2875 229 2938 Ut
253 2889 284 2937 et
311 2874 439 2960 impleas
463 2897 524 2960 que
549 2873 699 2960 precepit,
727 2886 759 2937 et
784 2874 837 2937 ille
862 2874 1019 2939 custodiat
1047 2883 1144 2964 quod
1171 2886 1310 2953 donavit,

138 2977 253 3038 Amen.

184 3077 275 3155 Quod
290 3076 363 3161 ipse.
410 3078 523 3139 Amen.
614 3079 806 3143 Benedictio.
852 3080 966 3143 Amen.

303 3247 479 3310 Benedictio
495 3250 672 3336 episcopalia
688 3253 721 3314 io
736 3253 927 3316 ordinatione
941 3252 1128 3324 Praebiteri.

184 3381 388 3467 Omnipotens
414 3382 601 3468 sempiterne
627 3384 711 3448 Deus
737 3384 888 3470 respicere
911 3384 1044 3471 dignare
1077 3392 1120 3456 de
1154 3399 1313 3466 altissimo

137 3487 228 3574 regni
250 3486 298 3549 tui
322 3485 398 3549 solio
422 3509 513 3573 super
530 3486 616 3549 hune
629 3487 836 3572 presbiterum
852 3487 1109 3557 benedictionem
1133 3510 1230 3567 tuam
1248 3517 1314 3570 toto

138 3592 229 3654 corde
244 3590 463 3675 postulantem.
509 3589 624 3651 Amen.

183 3694 230 3757 Ut
255 3716 348 3779 quem
372 3691 505 3776 pretiosa
531 3690 682 3775 sanguine
710 3692 785 3755 Filii
811 3694 859 3756 tui
885 3693 1038 3758 redimere
1062 3702 1218 3788 voluisti,
1247 3735 1312 3776 non

137 3795 298 3882 permittas
313 3794 360 3857 illi
376 3793 614 3858 adversitatibus
629 3795 787 3858 maculari.
833 3795 950 3860 Amen.

182 3899 230 3961 Da
245 3897 285 3975 ei,
303 3896 449 3974 Domine,
460 3909 600 3981 tempora
610 3898 788 3982 tranquilla,
801 3899 906 3984 quieta
915 3911 947 3962 et
956 3900 1099 3985 pacifica,
1118 3923 1154 3974 et
1169 3913 1313 3984 letitiam

138 4000 308 4085 spiritalem
324 3999 437 4062 habeat
452 3999 519 4062 sine
534 3997 597 4060 fine
612 4021 667 4083 per
682 4011 831 4085 tempora.
878 4003 992 4065 Amen.

182 4104 230 4185 Da
254 4103 283 4165 ci
306 4126 358 4165 cor
381 4102 465 4186 quod
487 4114 518 4164 te
541 4112 717 4184 eognoscat,
739 4102 779 4165 da
802 4127 924 4168 sensum
945 4106 999 4191 qui
1020 4120 1052 4171 te
1068 4110 1257 4209 intelligat,
1275 4127 1316 4191 da

140 4200 331 4266 intellectum
357 4227 418 4289 quo
441 4217 553 4266 terram
577 4200 736 4286 despiciat,
759 4206 871 4268 coelum
895 4208 1033 4292 aspiciat,
1049 4233 1187 4296 peecata
1211 4229 1316 4309 odiat,

135 4302 288 4378 justitiam
305 4304 425 4388 diligat.
472 4304 586 4365 Amen.
