2866 4934
131 350 173 409 50
469 368 714 417 ronrrnrcnnn
731 368 957 415 accnunnrr.

132 518 221 597 facta,
238 519 363 584 inlisum
381 538 427 587 est
442 522 560 587 llumen
576 525 684 588 domui
702 525 758 602 illi,
783 536 815 587 ct
838 545 906 586 non
929 525 1053 610 potuit
1081 548 1158 589 eam
1184 541 1305 593 movere,

133 620 261 685 fundata
276 623 360 687 enim
377 641 442 690 erut
458 651 550 713 supra
565 642 695 713 petram.

180 724 386 809 Offertomum.
421 731 555 793 Domine
584 732 678 807 Deus,
707 731 739 794 in
764 727 973 814 simplicitate
1001 731 1121 795 cordis
1150 730 1217 795 mei
1240 729 1305 792 letus

132 826 232 890 obtuli
254 831 408 909 universa,
424 847 455 896 et
477 835 628 919 populum
648 848 739 897 tuum
757 831 811 919 qui
829 845 979 917 repertus
995 848 1063 912 est,
1084 834 1160 898 vidi
1183 857 1255 898 cum
1267 831 1304 893 in·

132 930 219 1016 genti
231 933 356 1017 gaudio.
382 934 466 998 Deus
481 936 574 999 lsrael
584 937 705 1000 custodi
717 937 797 999 hanc
807 934 1026 1002 voluntatem.
1064 938 1216 1001 Domine
1226 937 1302 999 Deus.

179 1032 385 1122 Omnipotens
410 1038 597 1125 sempiterne
624 1039 720 1116 Deus,
748 1039 843 1101 altare
868 1038 1001 1101 nomini
1037 1053 1101 1105 tuo
1136 1040 1302 1105 dedicatum

132 1136 263 1202 coelestis
278 1140 404 1204 virtutis
418 1142 638 1205 benedictione
652 1140 819 1218 sanctifica,
842 1153 874 1203 et
890 1142 1053 1207 omnibus
1070 1144 1110 1208 in
1133 1160 1169 1209 te
1195 1165 1302 1231 speran-

133 1241 218 1305 tibus
233 1244 344 1306 auxilii
366 1245 413 1307 tui
435 1268 549 1308 munus
565 1246 705 1322 ostende,
721 1259 757 1309 ut
777 1244 829 1307 hic
849 1259 1140 1312 sacramentorum
1158 1248 1301 1324 virtus,‘ct

134 1360 278 1411 votorum
295 1349 473 1412 obtineatur
488 1348 625 1412 effectus.
673 1350 741 1413 Per.

635 1521 784 1608 Presidio.

177 1654 260 1718 Vere
273 1655 405 1741 dignum
422 1671 454 1720 et
461 1658 582 1740 justum
598 1671 654 1734 ost,
672 1681 796 1743 aequum
812 1670 844 1719 et
859 1654 1009 1735 salutare,
1028 1682 1093 1724 nos
1110 1662 1175 1725 tibi
1190 1681 1298 1746 semper

131 1772 164 1823 et
186 1758 303 1845 ubique
332 1760 446 1845 gratias
476 1784 579 1847 agere,
619 1761 755 1824 Domine
787 1772 901 1835 sancte,
940 1759 1039 1824 Pater
1078 1763 1294 1851 Omnipotens,

132 1877 245 1927 aeterne
281 1863 374 1940 Daue,
398 1887 454 1950 per
484 1864 643 1927 Christum
675 1863 847 1926 Dominum
874 1875 1039 1929 nostrum:
1064 1890 1127 1952 per
1161 1891 1253 1955 quem
1269 1880 1295 1928 tc
1392 1892 1397 1905 ·

133 1966 287 2052 supplices
305 1965 518 2051 deprecamur,
551 1980 587 2028 ut
622 1967 718 2029 altare
758 1967 819 2029 hoc
844 1965 906 2050 (cel
924 1965 1038 2031 altaria
1060 1968 1152 2055 ista),
1192 1967 1296 2034 sanctis

132 2072 239 2135 usibus
258 2083 456 2155 preparatum
475 2070 537 2155 (vel
563 2068 749 2155 preparata),
761 2069 876 2133 coelesti
888 2068 1094 2136 dedicatione
1114 2071 1291 2148 sanctifices

133 2189 169 2239 ut
193 2175 273 2239 sicut
303 2172 532 2236 Melchisedech
553 2173 720 2236 sacerdotis
735 2172 875 2260 precipui
895 2171 1092 2237 oblationem
1115 2175 1294 2263 dignatione

132 2277 323 2343 mirabilium
356 2276 526 2362 suscepisti,
563 2276 607 2338 ita
639 2276 784 2362 imposita
820 2299 902 2339 nova
925 2274 1003 2338 huic
1033 2277 1130 2342 altari
1161 2279 1226 2366 (vel
1248 2277 1292 2341 his

133 2381 296 2465 altaribus)
327 2404 458 2442 munera
490 2402 610 2463 semper
642 2392 767 2465 accepta
794 2380 872 2443 ferre
904 2378 1058 2465 dignerisr,
1087 2395 1126 2446 ut
1150 2383 1290 2469 populus,

133 2486 187 2573 qui
210 2487 244 2548 in
263 2483 346 2546 hanc
361 2481 505 2545 aecclesiae
518 2481 648 2544 domum
661 2495 797 2546 sanctam
810 2482 968 2559 convenit,
982 2506 1040 2568 per
1055 2485 1125 2550 haec
1146 2487 1292 2551 libamina

134 2589 249 2653 coelesti
265 2584 508 2650 sanctificatione
523 2585 669 2661 salvatus
686 2586 860 2650 animarum
877 2610 1001 2672 quoque
1015 2610 1147 2653 suarum
1164 2592 1290 2655 salutern

134 2705 316 2780 perpetuam
333 2702 546 2776 consequatur.
594 2688 637 2751 Et
652 2688 733 2752 ideo

183 2795 373 2860 Communia
409 2794 530 2857 Domus
566 2815 635 2855 mea
670 2792 782 2856 domus
817 2791 965 2856 orationis
995 2795 1175 2876 vocabitur,
1220 2795 1293 2860 dicit

133 2899 302 2961 Dominus:
319 2895 353 2956 in
368 2918 403 2957 ea
419 2898 520 2960 omnis
536 2896 591 2982 qui
606 2896 686 2981 petit
712 2896 840 2983 accipit,
857 2894 957 2981 etqui
978 2896 1085 2980 querit
1103 2898 1240 2979 invenit,
1262 2912 1292 2962 et

135 2999 272 3086 pulsanti
287 2996 451 3081 aperietur.

182 3100 258 3160 Post
284 3099 531 3160 communionem.
565 3097 756 3177 QuaesumUS,
783 3100 988 3186 Omnipotens
1009 3099 1110 3181 Deus,
1130 3118 1169 3168 ut
1182 3104 1244 3169 hoc
1262 3105 1295 3167 in

138 3203 206 3264 loco
218 3222 311 3286 quem
327 3197 449 3260 nomini
465 3211 519 3261 tuo
535 3198 659 3283 indigni
675 3201 858 3280 dicavimus
876 3202 995 3266 cunctis
1010 3207 1196 3289 petentibus
1211 3230 1296 3273 aures

138 3318 200 3370 tuae
214 3301 338 3391 pietatis
353 3302 575 3365 accommodes.
622 3301 689 3365 Per.

574 3474 676 3561 Super
686 3478 848 3563 populum.

183 3616 316 3703 Oopiosa
349 3611 510 3689 beneficia,
549 3636 723 3698 quaesumus
750 3612 914 3691 Domines
930 3615 1066 3701 populus
1099 3618 1299 3686 Christianus

140 3733 328 3807 assequatur,
349 3729 385 3780 ut
409 3715 518 3801 quiin
539 3715 657 3779 honore
678 3728 853 3778 sanctorum
877 3718 1032 3781 sacrandis
1053 3719 1113 3783 tihi
1134 3722 1300 3790 liminibus

142 3825 273 3890 devotus
299 3819 444 3895 occurrit,
472 3831 503 3882 et
532 3819 605 3882 vitae
620 3818 755 3882 subsidia
770 3819 920 3905 presentis
944 3821 1087 3908 accipiat,
1109 3838 1143 3890 et
1164 3830 1299 3914 gratiam

142 3928 336 4014 sempiternae
351 3922 573 4007 redemptionis
588 3922 738 3986 inveniat.
786 3922 853 3984 Per.

549 4177 642 4239 ITEM
664 4197 752 4242 narn
775 4197 886 4242 Missa.

190 4333 285 4408 Deus,
312 4332 366 4416 qui
390 4329 607 4393 sacrandorum
625 4328 681 4393 tibi
697 4344 804 4396 auctor
823 4355 854 4395 es
874 4355 1051 4409 munerum,
1069 4336 1109 4398 ad
1125 4341 1303 4407 sanctifica·
