2866 4934
106 355 147 416 58
444 372 928 422 ronrrrrenansceurunrr.

105 540 137 591 et
152 540 277 612 pectora
291 539 406 604 nostra,
423 528 462 592 ab
477 529 565 593 omni
580 531 669 595 sorde
685 530 832 594 vitiorum
847 526 1013 609 alienata,
1034 531 1176 621 tibique
1192 534 1297 599 devota

105 652 226 714 semper
242 629 392 693 assistant.
440 632 508 695 Per.

106 803 282 865 Benedictio
316 804 349 865 in
382 806 625 871 reconciliatione
658 806 782 871 oeecleric
810 804 863 866 nli
896 809 1047 891 sanquis
1083 812 1220 896 effima
1249 822 1296 874 ant

433 908 631 973 leonticidinna
641 920 854 997 perpetratum
862 906 988 992 fuerit.
1388 898 1392 905 ¹

152 1059 359 1146 Omnipotens
376 1060 462 1124 Deus
477 1063 622 1127 universa
637 1087 655 1126 a
671 1063 760 1126 nobis
774 1074 806 1125 et
820 1060 859 1124 ab
878 1058 945 1123 hoc
968 1066 1113 1152 templo
1128 1069 1185 1132 vel
1207 1068 1293 1132 domo

107 1165 236 1228 advorsa
251 1164 410 1243 excludat,
427 1188 462 1228 ac
478 1188 540 1228 sure
556 1190 649 1252 super
664 1189 720 1228 vos
734 1161 969 1229 benedictionis
988 1166 1089 1233 dona
1104 1172 1293 1260 propitiatus

107 1268 261 1333 infundat.
308 1270 422 1332 Arnen.

151 1372 253 1438 Corda
264 1386 364 1434 vestra
379 1371 495 1435 efficiat
509 1372 602 1435 sacris
617 1372 739 1435 intenta
754 1367 912 1447 doctrinis,
936 1392 1011 1457 quo
1028 1378 1171 1461 possint
1186 1379 1293 1467 repleri

107 1474 266 1540 benefieiis
281 1475 488 1560 sempiternis
534 1476 649 1539 Amen.

153 1579 312 1657 Quatenus
336 1578 533 1663 exsequenda
562 1579 785 1665 intelligentes,
815 1588 847 1641 et
872 1575 1050 1644 intellecta
1078 1602 1293 1673 exsequentes
1385 1582 1388 1603 '

107 1680 190 1743 inter
205 1680 331 1743 adversa
347 1681 459 1744 mundi
468 1681 675 1746 inveniamini
685 1682 863 1758 incolomes,
876 1691 908 1743 et
916 1679 1105 1750 beatorum
1120 1690 1292 1776 spirituum
1391 1684 1395 1703 ¹

108 1783 287 1849 efficiamini
303 1784 477 1848 coheredes.
1021 1793 1027 1801 '

153 1889 244 1970 Quod
259 1888 333 1974 ipse.
379 1887 495 1952 Amen.
541 1889 734 1954 benedictio.

281 2111 458 2177 Benedictio
474 2114 507 2176 in
523 2137 711 2200 quaecamque
718 2115 886 2200 festivitate
900 2122 1106 2182 sanctornm.

152 2269 288 2334 Domine
315 2282 429 2346 sancte,
448 2270 540 2332 Pater
564 2269 780 2355 Omnipotens,
801 2281 914 2332 aeterne
929 2266 1034 2348 Deus,
1063 2278 1201 2362 respice
1222 2303 1289 2367 pro.
1397 2338 1400 2367 ἱ

106 2373 203 2459 pitius
218 2371 274 2434 hos
290 2371 422 2434 famulos
438 2385 519 2448 tuos,
537 2383 568 2434 et
583 2371 639 2435 has
664 2372 795 2435 famulas
819 2383 897 2447 tuas,
925 2370 981 2454 qui
1005 2371 1288 2446 benedictionum
1395 2370 1400 2417 Ἰ

108 2488 232 2538 tuarum
257 2474 338 2536 dona
354 2473 531 2536 desiderant
548 2498 555 2535 :
579 2488 681 2558 presta
696 2488 732 2538 ut
747 2475 780 2537 in
796 2474 939 2538 omnibus
955 2473 1022 2538 tuis
1039 2485 1223 2571 praeceptis
1237 2486 1287 2572 pia

108 2577 307 2641 veneratione
323 2576 508 2640 deserviant.
554 2577 670 2640 Amen.

154 2680 201 2744 Ut
216 2679 302 2743 omni
327 2679 490 2743 sanctitate
505 2678 621 2741 firmati
637 2677 851 2743 retributionis
875 2677 958 2740 diem
984 2676 1058 2744 sine
1083 2698 1185 2751 metu
1213 2713 1285 2753 con·

110 2783 238 2847 lusionis
253 2795 431 2868 expectent,
448 2795 479 2846 et
495 2794 631 2846 sanctam
654 2806 689 2845 ac
714 2781 948 2844 sacratissimam
972 2777 1143 2852 hodierne
1165 2790 1285 2857 testivi-

108 2886 181 2948 tatis
208 2885 247 2947 N.
273 2886 472 2962 celebrantes,
499 2898 588 2972 grata
614 2898 687 2947 vota
710 2883 901 2947 sollemniter
924 2882 1057 2948 illorum
1087 2907 1228 2981 accepta
1251 2895 1283 2959 in

109 3000 275 3073 conspectu
291 2988 460 3070 majestatis
475 3001 536 3051 tuae
551 2998 728 3073 appareant.
774 2987 890 3049 Amen.

153 3091 204 3152 Ae
232 3089 395 3152 beatorum
425 3105 581 3154 consortes
614 3103 792 3154 sanctorum
830 3088 993 3176 aggregati
1031 3104 1171 3162 aetemae
1211 3102 1284 3165 vitae

108 3192 227 3277 premia
242 3190 389 3275 consequi
404 3205 591 3270 mereantur,
603 3206 634 3258 et
646 3217 663 3257 a
678 3206 710 3256 te
724 3204 838 3256 aeterna
853 3190 1063 3272 exrdtatione,
1075 3209 1111 3260 et
1124 3218 1284 3291 perpetua
1392 3224 1397 3249 ι

108 3293 325 3358 bencdictione
340 3293 488 3358 ditentur.
535 3298 649 3360 Amen.
1393 3282 1396 3299 Ι

154 3398 245 3478 Quod
260 3397 334 3484 ipse.
381 3397 495 3461 Amen.
541 3399 734 3462 Benedicti0.

249 3588 426 3651 Benedictio
442 3587 634 3651 dominicalia
650 3588 810 3650 cotidianis
826 3587 930 3650 diebus
945 3587 1125 3656 dominicis.
1231 3630 1240 3647 .

153 3724 323 3788 Conservet
347 3745 402 3786 vos
431 3722 638 3808 Omnipotens
666 3721 751 3784 Deus
775 3722 814 3785 ab
840 3723 987 3787 omnibus
1013 3724 1124 3806 malis,
1161 3746 1199 3798 et
1224 3759 1282 3801 vos

108 3828 262 3891 custodiat
277 3827 310 3888 in
326 3825 472 3889 omnibus
486 3826 585 3889 bonis.
631 3823 746 3886 Amen.

154 3930 281 4015 Separet
304 3951 359 3991 vos
385 3929 423 3991 ab
450 3927 568 3991 illicitis
598 3925 839 4012 cogitationibus
868 3928 989 4005 vestris,
1020 3939 1053 3991 et
1092 3938 1281 4027 conjunget

108 4031 278 4095 coelestium
305 4031 459 4093 virtutum
485 4030 661 4094 affectibus:
688 4041 808 4114 separet
832 4052 850 4091 a
880 4031 969 4095 vobis
995 4045 1130 4101 cunctos
1163 4044 1280 4110 adver.

108 4134 201 4195 sarios
216 4146 345 4209 vestros,
362 4145 393 4195 et
408 4146 551 4216 preparet
566 4132 809 4195 innumerabiles
824 4131 949 4196 amicos.
996 4134 1119 4202 Amen.

153 4233 280 4297 Terram
296 4234 385 4297 vobis
397 4233 587 4296 fructiferam
605 4233 707 4311 faciat,
724 4247 756 4297 ct
771 4235 840 4296 cccli
863 4236 1060 4300 serenitatem
1078 4244 1221 4329 tribuat,
1247 4266 1280 4316 et

108 4334 275 4417 perfectam
292 4337 452 4399 caritatem
469 4337 626 4399 concedat.
674 4337 789 4398 Arnen.
