2866 4934
571 399 869 448 aauumcmours.
1233 387 1293 446 133

143 549 219 636 quid
244 572 301 637 pro
330 551 467 616 utilitate
496 552 664 618 didicerint
693 555 754 618 hoc
780 555 879 619 facere
909 555 1053 642 cupiant:
1090 554 1150 621 Per
1182 555 1293 621 «lesum

145 650 303 716 Christum
317 666 563 740 recuperatorem
579 655 755 734 hominum,
768 658 823 743 qui
837 668 942 722 tecum
957 670 989 720 et
1004 680 1076 721 cum
1095 657 1214 744 Spiritu
1228 670 1294 723 tuo.

186 753 334 834 Benedic,
352 757 497 835 Domine,
514 757 687 822 thalamum
709 759 805 839 hunc,
822 772 854 824 et
873 783 980 823 omnes
999 760 1176 825 habitantes
1195 762 1230 826 in
1245 785 1293 840 eo,

143 857 223 920 etin
238 870 292 921 tua
313 881 389 944 pace
411 860 591 939 consistant,
607 873 639 924 et
662 861 770 926 intua
792 863 954 926 voluntate
975 877 1190 949 permaneant,
1207 877 1238 928 et
1259 864 1294 928 iu

142 981 246 1023 amore
266 970 321 1023 tuo
341 960 451 1024 vivent
473 974 505 1024 et
528 976 687 1027 senescant
708 976 740 1027 et
762 963 1012 1049 multiplicentur
1034 964 1069 1026 in
1093 964 1294 1051 longitudine

143 1061 273 1126 dierum.
319 1065 389 1128 Per.

670 1238 759 1302 Alta.

186 1372 326 1461 Respice,
343 1374 491 1453 Domine,
507 1375 546 1440 de
561 1377 638 1440 coelo
657 1399 749 1463 super
768 1376 851 1442 hanc
871 1377 1110 1442 conventionem
1127 1401 1183 1464 per
1197 1401 1291 1464 ange·

129 1473 209 1537 lum
232 1487 323 1539 tuum
350 1476 541 1562 Raphaelem
566 1476 743 1563 pacificum,
766 1491 803 1544 ut
826 1479 888 1543 sint
913 1479 980 1542 sani
1004 1492 1097 1566 atque
1120 1480 1220 1566 digni,
1237 1493 1292 1544 tua

142 1575 357 1643 benedictione
372 1579 535 1665 perfunde.
583 1581 651 1645 Per.

186 1680 355 1746 Benedicat
378 1705 433 1745 vos
458 1683 628 1747 Dominus:
667 1685 753 1749 Deus
779 1685 931 1749 custodiat
956 1708 1021 1764 vos,
1049 1697 1082 1750 et
1110 1686 1292 1750 misereatur

141 1782 251 1845 vestri:
285 1781 455 1848 Convertat
485 1785 640 1849 Dominus
665 1787 789 1850 vultum
820 1811 911 1852 suum
935 1789 1034 1865 vobis,
1065 1799 1097 1851 et
1127 1789 1181 1853 det
1202 1788 1292 1852 vobis

142 1907 259 1970 pacem.
307 1888 375 1953 Per.

358 2061 567 2125 Omnoms
581 2063 633 2124 'aa
648 2077 777 2125 monos
793 2077 1079 2125 anuumcnuuos.

186 2197 325 2262 Oremus.

184 2299 369 2378 Descendat,
400 2322 574 2386 quaesumus
609 2300 757 2377 Domine,
787 2300 887 2364 virtus
930 2298 1064 2385 Spiritus
1102 2298 1208 2362 Sancti
1242 2300 1291 2362 tui

141 2423 231 2487 super
254 2402 312 2466 hos
334 2402 438 2479 libros,
460 2402 515 2487 qui
541 2425 593 2466 eos
618 2402 801 2467 mundando
827 2401 982 2489 purificet,
1007 2416 1039 2468 et
1064 2403 1290 2485 beneffldicat,

140 2516 232 2591 atque
256 2503 488 2588 sanctifflficet,
514 2518 546 2569 et
575 2506 717 2570 omnium
744 2507 913 2570 clementer
937 2507 1030 2570 corda
1059 2506 1227 2584 illuminet,
1258 2519 1291 2571 et

140 2630 248 2671 verum
264 2608 457 2672 intellectum
472 2607 600 2687 tribuat,
617 2609 717 2673 sedet
738 2608 915 2672 illuminata
936 2623 1081 2696 precepta
1096 2631 1289 2687 conservare,

140 2721 172 2774 et
185 2711 326 2797 implere,
342 2710 512 2774 secundum
523 2723 621 2774 ⁴tuam
639 2712 835 2775 voluntatem
853 2710 943 2774 bonis
968 2710 1112 2795 operibus
1130 2710 1290 2796 implendo

139 2814 304 2879 concedat:
320 2815 374 2899 qui
389 2814 479 2878 vivit.

615 2985 696 3052 Alio
710 2989 820 3051 oratio.

181 3122 329 3186 Accende
359 3134 390 3186 et
415 3120 586 3200 inflamma,
614 3121 794 3209 suppliciter
820 3120 1009 3207 flagitamus,
1038 3119 1175 3185 Domine
1205 3119 1290 3183 Deus

136 3237 252 3302 noster,
268 3224 385 3288 virtute
403 3222 536 3309 Spiritus
550 3224 657 3289 Sancti
672 3225 764 3288 corda
779 3237 883 3289 nostra
898 3235 930 3288 et
945 3247 1049 3288 sensus
1064 3235 1184 3288 nostros
1198 3235 1291 3308 atque

137 3316 360 3411 intelligentias
381 3339 500 3391 nostras
524 3327 564 3390 ad
587 3327 767 3391 scrutandos
791 3328 857 3391 sive
878 3327 1099 3412 intelligendos
1113 3327 1170 3390 hos
1184 3327 1289 3402 libros,

139 3449 196 3491 nec
217 3452 281 3492 non
305 3442 337 3493 et
360 3430 436 3494 alios
458 3441 519 3493 tuae
539 3429 750 3514 inspirationis
770 3429 871 3514 gratia
890 3428 1089 3514 conscriptos,
1105 3440 1142 3491 ut
1161 3451 1207 3504 ea,
1224 3451 1292 3511 quae

138 3529 172 3592 in
184 3531 228 3594 eis
238 3532 456 3617 repperrimus,
463 3543 494 3596 et
503 3531 680 3616 intelligere
689 3531 850 3608 veraciter,
858 3531 994 3615 aliosque
1004 3529 1114 3593 docere
1123 3530 1290 3612 valeamus.

141 3634 202 3699 Sed
217 3645 249 3698 et
270 3634 304 3698 in
327 3634 472 3699 omnibus
489 3648 544 3699 tua
559 3633 656 3719 sequi,
672 3645 704 3697 te
719 3634 866 3710 donante,
881 3633 1029 3696 mandata
1043 3632 1235 3695 studeamus:
1259 3643 1291 3694 et

137 3757 194 3798 nos
222 3757 391 3820 omnesque
418 3734 476 3797 hos
504 3734 599 3798 libros
629 3733 758 3796 dextera
783 3731 930 3818 potentiae
959 3743 1020 3794 tuae
1045 3728 1289 3810 beneffldicere,

136 3835 399 3923 magnifflficare,
410 3858 596 3913 consecrare,
608 3836 805 3917 exalffltare,
814 3831 1040 3920 purifflficare,
1051 3855 1086 3895 ao
1098 3852 1288 3908 conservare,

137 3951 230 4025 atque
253 3939 340 4002 omni
362 3949 501 4024 tempore
524 3936 716 4001 sanctificare
736 3937 884 4024 digneris.
930 3935 1090 4015 Quatenus
1104 3931 1239 3997 studiose
1254 3955 1290 3994 ac

138 4040 250 4104 devote
264 4040 321 4104 hos
334 4053 366 4104 et
381 4041 458 4104 alios
471 4039 623 4126 plurimos
637 4040 732 4103 libros
746 4051 808 4103 tuae
821 4037 993 4102 voluntatis
1003 4038 1075 4120 jure
1090 4032 1290 4118 conscriptos,

136 4141 270 4229 legendo
286 4154 317 4205 et
332 4141 539 4227 intelligendo
554 4141 756 4226 docendoque
771 4141 887 4205 multos
901 4141 960 4204 tibi
975 4141 1105 4215 lucrare,
1122 4158 1291 4220 omnesque

134 4246 223 4310 nobis
238 4245 416 4309 commissos
430 4243 636 4307 inmaculatos
650 4257 711 4308 tuae
726 4244 882 4329 majestati
897 4253 1108 4329 representare
1119 4240 1290 4318 valeamus,

137 4345 204 4432 ipso
218 4348 401 4425 auxiliante,
418 4347 470 4410 cui
486 4358 531 4410 est
545 4346 652 4410 honor.
