<?xml version="1.0" encoding="UTF-8"?>
<!DOCTYPE html PUBLIC "-//W3C//DTD XHTML 1.0 Transitional//EN"
    "http://www.w3.org/TR/xhtml1/DTD/xhtml1-transitional.dtd">
<html xmlns="http://www.w3.org/1999/xhtml" xml:lang="en" lang="en">
 <head>
  <title>
</title>
<meta http-equiv="Content-Type" content="text/html;charset=utf-8" />
  <meta name='ocr-system' content='tesseract 3.04.00' />
  <meta name='ocr-capabilities' content='ocr_page ocr_carea ocr_par ocr_line ocrx_word'/>
</head>
<body>
  <div class='ocr_page' id='page_1' title='image "./pontificalegber00churgoog_0115.png"; bbox 0 0 2866 4934; ppageno 0'>
   <div class='ocr_carea' id='block_1_1' title="bbox 466 399 949 447">
    <p class='ocr_par' dir='ltr' id='par_1_1' title="bbox 466 399 949 447">
     <span class='ocr_line' id='line_1_1' title="bbox 466 399 949 447; baseline -0.004 -2"><span class='ocrx_word' id='word_1_1' title='bbox 466 401 710 447; x_wconf 74' lang='lat' dir='ltr'><strong>PONTIFIGALE</strong></span> <span class='ocrx_word' id='word_1_2' title='bbox 726 399 949 446; x_wconf 68' lang='lat' dir='ltr'>acaunum.</span> 
     </span>
    </p>
   </div>
   <div class='ocr_carea' id='block_1_2' title="bbox 439 727 948 792">
    <p class='ocr_par' dir='ltr' id='par_1_2' title="bbox 439 727 948 792">
     <span class='ocr_line' id='line_1_2' title="bbox 439 727 948 792; baseline -0.002 -3"><span class='ocrx_word' id='word_1_3' title='bbox 439 768 443 773; x_wconf 95' lang='lat'>-</span> <span class='ocrx_word' id='word_1_4' title='bbox 461 727 637 791; x_wconf 76' lang='lat' dir='ltr'><em>Benedictio</em></span> <span class='ocrx_word' id='word_1_5' title='bbox 654 729 759 792; x_wconf 82' lang='lat' dir='ltr'>Sancti</span> <span class='ocrx_word' id='word_1_6' title='bbox 774 727 948 790; x_wconf 78' lang='lat' dir='ltr'>Laurentii.</span> 
     </span>
    </p>
   </div>
   <div class='ocr_carea' id='block_1_3' title="bbox 129 862 1303 1978">
    <p class='ocr_par' dir='ltr' id='par_1_3' title="bbox 129 862 1303 1134">
     <span class='ocr_line' id='line_1_3' title="bbox 177 862 1303 951; baseline 0.001 -25"><span class='ocrx_word' id='word_1_7' title='bbox 177 863 295 926; x_wconf 69' lang='lat' dir='ltr'>Sanctae</span> <span class='ocrx_word' id='word_1_8' title='bbox 306 863 468 926; x_wconf 83' lang='lat' dir='ltr'>Trinitatis</span> <span class='ocrx_word' id='word_1_9' title='bbox 483 888 575 951; x_wconf 89' lang='lat' dir='ltr'>super</span> <span class='ocrx_word' id='word_1_10' title='bbox 590 889 645 928; x_wconf 87' lang='lat' dir='ltr'>vos</span> <span class='ocrx_word' id='word_1_11' title='bbox 660 864 835 929; x_wconf 86' lang='lat' dir='ltr'>benedictio</span> <span class='ocrx_word' id='word_1_12' title='bbox 851 862 1028 927; x_wconf 80' lang='lat' dir='ltr'>descendat</span> <span class='ocrx_word' id='word_1_13' title='bbox 1044 865 1248 950; x_wconf 85' lang='lat' dir='ltr'>gratissima,</span> <span class='ocrx_word' id='word_1_14' title='bbox 1258 865 1303 951; x_wconf 91' lang='lat' dir='ltr'>qui</span> 
     </span>
     <span class='ocr_line' id='line_1_4' title="bbox 129 965 1302 1054; baseline 0.001 -25"><span class='ocrx_word' id='word_1_15' title='bbox 129 965 212 1029; x_wconf 86' lang='lat' dir='ltr'>beati</span> <span class='ocrx_word' id='word_1_16' title='bbox 239 965 348 1029; x_wconf 89' lang='lat' dir='ltr'>Levite</span> <span class='ocrx_word' id='word_1_17' title='bbox 375 966 535 1030; x_wconf 89' lang='lat' dir='ltr'>Laurentii</span> <span class='ocrx_word' id='word_1_18' title='bbox 559 969 764 1054; x_wconf 89' lang='lat' dir='ltr'>martyrisque</span> <span class='ocrx_word' id='word_1_19' title='bbox 790 966 916 1052; x_wconf 84' lang='lat' dir='ltr'>gloriosi</span> <span class='ocrx_word' id='word_1_20' title='bbox 941 965 1069 1031; x_wconf 87' lang='lat' dir='ltr'>festum</span> <span class='ocrx_word' id='word_1_21' title='bbox 1095 982 1211 1033; x_wconf 91' lang='lat' dir='ltr'>mente</span> <span class='ocrx_word' id='word_1_22' title='bbox 1233 970 1302 1032; x_wconf 89' lang='lat' dir='ltr'>cele-</span> 
     </span>
     <span class='ocr_line' id='line_1_5' title="bbox 130 1068 606 1134; baseline 0.006 -4"><span class='ocrx_word' id='word_1_23' title='bbox 130 1068 225 1131; x_wconf 90' lang='lat' dir='ltr'>bratis</span> <span class='ocrx_word' id='word_1_24' title='bbox 239 1068 445 1132; x_wconf 89' lang='lat' dir='ltr'>devotissima.</span> <span class='ocrx_word' id='word_1_25' title='bbox 491 1071 606 1134; x_wconf 87' lang='lat' dir='ltr'>Amen.</span> 
     </span>
    </p>

    <p class='ocr_par' dir='ltr' id='par_1_4' title="bbox 129 1170 1300 1463">
     <span class='ocr_line' id='line_1_6' title="bbox 174 1170 1300 1259; baseline 0.001 -25"><span class='ocrx_word' id='word_1_26' title='bbox 174 1170 262 1234; x_wconf 92' lang='lat' dir='ltr'>Illius</span> <span class='ocrx_word' id='word_1_27' title='bbox 288 1171 469 1233; x_wconf 86' lang='lat' dir='ltr'>mereamini</span> <span class='ocrx_word' id='word_1_28' title='bbox 496 1172 651 1258; x_wconf 88' lang='lat' dir='ltr'>suffragiis</span> <span class='ocrx_word' id='word_1_29' title='bbox 678 1172 790 1248; x_wconf 91' lang='lat' dir='ltr'>sulciri,</span> <span class='ocrx_word' id='word_1_30' title='bbox 818 1171 1033 1257; x_wconf 86' lang='lat' dir='ltr'>exemploque</span> <span class='ocrx_word' id='word_1_31' title='bbox 1062 1175 1226 1251; x_wconf 86' lang='lat' dir='ltr'>roborari,</span> <span class='ocrx_word' id='word_1_32' title='bbox 1252 1174 1300 1259; x_wconf 93' lang='lat' dir='ltr'>qui</span> 
     </span>
     <span class='ocr_line' id='line_1_7' title="bbox 129 1273 1300 1360; baseline 0.003 -23"><span class='ocrx_word' id='word_1_33' title='bbox 129 1298 187 1337; x_wconf 91' lang='lat' dir='ltr'>nec</span> <span class='ocrx_word' id='word_1_34' title='bbox 214 1274 323 1337; x_wconf 90' lang='lat' dir='ltr'>sevitia</span> <span class='ocrx_word' id='word_1_35' title='bbox 349 1275 563 1360; x_wconf 83' lang='lat' dir='ltr'>torquentium</span> <span class='ocrx_word' id='word_1_36' title='bbox 586 1275 701 1360; x_wconf 84' lang='lat' dir='ltr'>frangi,</span> <span class='ocrx_word' id='word_1_37' title='bbox 728 1297 786 1337; x_wconf 89' lang='lat' dir='ltr'>nec</span> <span class='ocrx_word' id='word_1_38' title='bbox 815 1273 1034 1339; x_wconf 83' lang='lat' dir='ltr'>inmanissima</span> <span class='ocrx_word' id='word_1_39' title='bbox 1067 1289 1300 1341; x_wconf 87' lang='lat' dir='ltr'>tormentorum</span> 
     </span>
     <span class='ocr_line' id='line_1_8' title="bbox 130 1377 1299 1463; baseline 0 -22"><span class='ocrx_word' id='word_1_40' title='bbox 130 1379 314 1442; x_wconf 87' lang='lat' dir='ltr'>crudelitate</span> <span class='ocrx_word' id='word_1_41' title='bbox 329 1402 347 1440; x_wconf 87' lang='lat' dir='ltr'>a</span> <span class='ocrx_word' id='word_1_42' title='bbox 362 1378 581 1463; x_wconf 88' lang='lat' dir='ltr'>gloriosissima</span> <span class='ocrx_word' id='word_1_43' title='bbox 597 1378 715 1441; x_wconf 80' lang='lat' dir='ltr'>Christi</span> <span class='ocrx_word' id='word_1_44' title='bbox 730 1377 919 1441; x_wconf 87' lang='lat' dir='ltr'>confessione</span> <span class='ocrx_word' id='word_1_45' title='bbox 933 1379 1045 1462; x_wconf 88' lang='lat' dir='ltr'>potuit</span> <span class='ocrx_word' id='word_1_46' title='bbox 1061 1379 1142 1443; x_wconf 87' lang='lat' dir='ltr'>labi.</span> <span class='ocrx_word' id='word_1_47' title='bbox 1189 1380 1299 1444; x_wconf 86' lang='lat' dir='ltr'>Amen.</span> 
     </span>
    </p>

    <p class='ocr_par' dir='ltr' id='par_1_5' title="bbox 130 1481 1300 1873">
     <span class='ocr_line' id='line_1_9' title="bbox 175 1481 1299 1567; baseline 0.001 -22"><span class='ocrx_word' id='word_1_48' title='bbox 175 1482 219 1545; x_wconf 87' lang='lat' dir='ltr'>Et</span> <span class='ocrx_word' id='word_1_49' title='bbox 240 1483 294 1567; x_wconf 92' lang='lat' dir='ltr'>qui</span> <span class='ocrx_word' id='word_1_50' title='bbox 317 1505 400 1557; x_wconf 90' lang='lat' dir='ltr'>eum,</span> <span class='ocrx_word' id='word_1_51' title='bbox 417 1493 560 1566; x_wconf 89' lang='lat' dir='ltr'>superato</span> <span class='ocrx_word' id='word_1_52' title='bbox 585 1481 707 1544; x_wconf 90' lang='lat' dir='ltr'>diverso</span> <span class='ocrx_word' id='word_1_53' title='bbox 730 1493 954 1544; x_wconf 87' lang='lat' dir='ltr'>tormentorum</span> <span class='ocrx_word' id='word_1_54' title='bbox 981 1504 1121 1567; x_wconf 82' lang='lat' dir='ltr'>genere,</span> <span class='ocrx_word' id='word_1_55' title='bbox 1147 1485 1299 1548; x_wconf 86' lang='lat' dir='ltr'>coelestem</span> 
     </span>
     <span class='ocr_line' id='line_1_10' title="bbox 130 1582 1299 1671; baseline 0.004 -25"><span class='ocrx_word' id='word_1_56' title='bbox 130 1585 262 1671; x_wconf 85' lang='lat' dir='ltr'>gloriam</span> <span class='ocrx_word' id='word_1_57' title='bbox 285 1584 367 1646; x_wconf 86' lang='lat' dir='ltr'>felici</span> <span class='ocrx_word' id='word_1_58' title='bbox 392 1584 479 1646; x_wconf 85' lang='lat' dir='ltr'>dedit</span> <span class='ocrx_word' id='word_1_59' title='bbox 503 1584 648 1647; x_wconf 86' lang='lat' dir='ltr'>scandere</span> <span class='ocrx_word' id='word_1_60' title='bbox 669 1607 741 1646; x_wconf 90' lang='lat' dir='ltr'>cum</span> <span class='ocrx_word' id='word_1_61' title='bbox 762 1582 933 1668; x_wconf 87' lang='lat' dir='ltr'>triumpho,</span> <span class='ocrx_word' id='word_1_62' title='bbox 950 1583 1019 1669; x_wconf 92' lang='lat' dir='ltr'>ipse</span> <span class='ocrx_word' id='word_1_63' title='bbox 1035 1587 1135 1650; x_wconf 89' lang='lat' dir='ltr'>vobis</span> <span class='ocrx_word' id='word_1_64' title='bbox 1150 1587 1299 1651; x_wconf 90' lang='lat' dir='ltr'>concedat</span> 
     </span>
     <span class='ocr_line' id='line_1_11' title="bbox 130 1685 1300 1773; baseline 0.003 -24"><span class='ocrx_word' id='word_1_65' title='bbox 130 1688 239 1772; x_wconf 84' lang='lat' dir='ltr'>vigore</span> <span class='ocrx_word' id='word_1_66' title='bbox 249 1685 323 1749; x_wconf 87' lang='lat' dir='ltr'>fidei</span> <span class='ocrx_word' id='word_1_67' title='bbox 333 1686 481 1749; x_wconf 88' lang='lat' dir='ltr'>vitiorum</span> <span class='ocrx_word' id='word_1_68' title='bbox 493 1687 607 1773; x_wconf 90' lang='lat' dir='ltr'>pellere</span> <span class='ocrx_word' id='word_1_69' title='bbox 619 1688 774 1773; x_wconf 88' lang='lat' dir='ltr'>contagia,</span> <span class='ocrx_word' id='word_1_70' title='bbox 785 1699 817 1749; x_wconf 90' lang='lat' dir='ltr'>et</span> <span class='ocrx_word' id='word_1_71' title='bbox 827 1710 899 1749; x_wconf 90' lang='lat' dir='ltr'>cum</span> <span class='ocrx_word' id='word_1_72' title='bbox 914 1687 1025 1751; x_wconf 86' lang='lat' dir='ltr'>electis</span> <span class='ocrx_word' id='word_1_73' title='bbox 1041 1691 1200 1756; x_wconf 90' lang='lat' dir='ltr'>omnibus</span> <span class='ocrx_word' id='word_1_74' title='bbox 1215 1691 1300 1754; x_wconf 92' lang='lat' dir='ltr'>indui</span> 
     </span>
     <span class='ocr_line' id='line_1_12' title="bbox 131 1788 800 1873; baseline 0 -21"><span class='ocrx_word' id='word_1_75' title='bbox 131 1788 383 1852; x_wconf 86' lang='lat' dir='ltr'>inmarcescibilis</span> <span class='ocrx_word' id='word_1_76' title='bbox 399 1789 504 1873; x_wconf 67' lang='lat' dir='ltr'>gloriae</span> <span class='ocrx_word' id='word_1_77' title='bbox 519 1813 640 1853; x_wconf 90' lang='lat' dir='ltr'>corona.</span> <span class='ocrx_word' id='word_1_78' title='bbox 686 1791 800 1853; x_wconf 86' lang='lat' dir='ltr'>Amen.</span> 
     </span>
    </p>

    <p class='ocr_par' dir='ltr' id='par_1_6' title="bbox 177 1892 798 1978">
     <span class='ocr_line' id='line_1_13' title="bbox 177 1892 798 1978; baseline 0.002 -23"><span class='ocrx_word' id='word_1_79' title='bbox 177 1892 268 1973; x_wconf 79' lang='lat' dir='ltr'>Quod</span> <span class='ocrx_word' id='word_1_80' title='bbox 283 1893 357 1978; x_wconf 92' lang='lat' dir='ltr'>ipse.</span> <span class='ocrx_word' id='word_1_81' title='bbox 403 1892 518 1956; x_wconf 86' lang='lat' dir='ltr'>Amen.</span> <span class='ocrx_word' id='word_1_82' title='bbox 607 1893 798 1956; x_wconf 84' lang='lat' dir='ltr'>Benedictio</span> 
     </span>
    </p>
   </div>
   <div class='ocr_carea' id='block_1_4' title="bbox 233 2064 1203 2151">
    <p class='ocr_par' dir='ltr' id='par_1_7' title="bbox 233 2064 1203 2151">
     <span class='ocr_line' id='line_1_14' title="bbox 233 2064 1203 2151; baseline 0.01 -25"><span class='ocrx_word' id='word_1_83' title='bbox 233 2065 267 2127; x_wconf 90' lang='lat' dir='ltr'><em>X</em></span> <span class='ocrx_word' id='word_1_84' title='bbox 275 2065 374 2126; x_wconf 86' lang='lat' dir='ltr'><em>VIII.</em></span> <span class='ocrx_word' id='word_1_85' title='bbox 390 2064 466 2126; x_wconf 83' lang='lat' dir='ltr'>Kal.</span> <span class='ocrx_word' id='word_1_86' title='bbox 484 2066 677 2151; x_wconf 78' lang='lat' dir='ltr'>Septembris.</span> <span class='ocrx_word' id='word_1_87' title='bbox 721 2067 910 2151; x_wconf 80' lang='lat' dir='ltr'>Adsumptio</span> <span class='ocrx_word' id='word_1_88' title='bbox 927 2067 1051 2131; x_wconf 72' lang='lat' dir='ltr'>Soracte</span> <span class='ocrx_word' id='word_1_89' title='bbox 1066 2069 1203 2136; x_wconf 72' lang='lat' dir='ltr'>Marica.</span> 
     </span>
    </p>
   </div>
   <div class='ocr_carea' id='block_1_5' title="bbox 129 2203 1302 3116">
    <p class='ocr_par' dir='ltr' id='par_1_8' title="bbox 129 2203 1300 2473">
     <span class='ocr_line' id='line_1_15' title="bbox 174 2203 1300 2291; baseline 0.007 -26"><span class='ocrx_word' id='word_1_90' title='bbox 174 2204 269 2280; x_wconf 92' lang='lat' dir='ltr'>Deus,</span> <span class='ocrx_word' id='word_1_91' title='bbox 288 2203 342 2288; x_wconf 89' lang='lat' dir='ltr'>qui</span> <span class='ocrx_word' id='word_1_92' title='bbox 363 2227 417 2290; x_wconf 91' lang='lat' dir='ltr'>per</span> <span class='ocrx_word' id='word_1_93' title='bbox 437 2203 533 2267; x_wconf 86' lang='lat' dir='ltr'>beatae</span> <span class='ocrx_word' id='word_1_94' title='bbox 557 2205 662 2267; x_wconf 86' lang='lat' dir='ltr'>Mariae</span> <span class='ocrx_word' id='word_1_95' title='bbox 681 2205 824 2291; x_wconf 86' lang='lat' dir='ltr'>Virginis</span> <span class='ocrx_word' id='word_1_96' title='bbox 846 2215 970 2290; x_wconf 88' lang='lat' dir='ltr'>partum</span> <span class='ocrx_word' id='word_1_97' title='bbox 991 2225 1097 2288; x_wconf 87' lang='lat' dir='ltr'>genus</span> <span class='ocrx_word' id='word_1_98' title='bbox 1120 2206 1300 2272; x_wconf 89' lang='lat' dir='ltr'>humanum</span> 
     </span>
     <span class='ocr_line' id='line_1_16' title="bbox 129 2304 1297 2398; baseline 0.005 -28"><span class='ocrx_word' id='word_1_99' title='bbox 129 2307 275 2393; x_wconf 90' lang='lat' dir='ltr'>dignatus</span> <span class='ocrx_word' id='word_1_100' title='bbox 290 2319 336 2370; x_wconf 92' lang='lat' dir='ltr'>est</span> <span class='ocrx_word' id='word_1_101' title='bbox 351 2307 513 2384; x_wconf 87' lang='lat' dir='ltr'>redimere,</span> <span class='ocrx_word' id='word_1_102' title='bbox 530 2331 583 2370; x_wconf 90' lang='lat' dir='ltr'>sua</span> <span class='ocrx_word' id='word_1_103' title='bbox 604 2330 659 2370; x_wconf 84' lang='lat' dir='ltr'>vos</span> <span class='ocrx_word' id='word_1_104' title='bbox 680 2307 828 2393; x_wconf 87' lang='lat' dir='ltr'>dignetur</span> <span class='ocrx_word' id='word_1_105' title='bbox 850 2304 1072 2370; x_wconf 87' lang='lat' dir='ltr'>bencdictione</span> <span class='ocrx_word' id='word_1_106' title='bbox 1087 2308 1297 2398; x_wconf 87' lang='lat' dir='ltr'>locupletare.</span> 
     </span>
     <span class='ocr_line' id='line_1_17' title="bbox 131 2410 245 2473; baseline -0.009 0"><span class='ocrx_word' id='word_1_107' title='bbox 131 2410 245 2473; x_wconf 87' lang='lat' dir='ltr'>Arnen.</span> 
     </span>
    </p>

    <p class='ocr_par' dir='ltr' id='par_1_9' title="bbox 130 2512 1300 2702">
     <span class='ocr_line' id='line_1_18' title="bbox 174 2512 1300 2601; baseline 0.009 -27"><span class='ocrx_word' id='word_1_108' title='bbox 174 2513 312 2598; x_wconf 86' lang='lat' dir='ltr'>Ejusque</span> <span class='ocrx_word' id='word_1_109' title='bbox 334 2535 454 2598; x_wconf 90' lang='lat' dir='ltr'>semper</span> <span class='ocrx_word' id='word_1_110' title='bbox 478 2526 509 2576; x_wconf 90' lang='lat' dir='ltr'>et</span> <span class='ocrx_word' id='word_1_111' title='bbox 533 2514 649 2599; x_wconf 89' lang='lat' dir='ltr'>ubique</span> <span class='ocrx_word' id='word_1_112' title='bbox 671 2514 843 2599; x_wconf 90' lang='lat' dir='ltr'>patrocinia</span> <span class='ocrx_word' id='word_1_113' title='bbox 866 2512 1014 2590; x_wconf 86' lang='lat' dir='ltr'>sentiatis,</span> <span class='ocrx_word' id='word_1_114' title='bbox 1039 2537 1083 2577; x_wconf 87' lang='lat' dir='ltr'>ex</span> <span class='ocrx_word' id='word_1_115' title='bbox 1106 2519 1206 2601; x_wconf 89' lang='lat' dir='ltr'>cujus</span> <span class='ocrx_word' id='word_1_116' title='bbox 1222 2520 1300 2583; x_wconf 92' lang='lat' dir='ltr'>inte·</span> 
     </span>
     <span class='ocr_line' id='line_1_19' title="bbox 130 2616 1128 2702; baseline 0.006 -25"><span class='ocrx_word' id='word_1_117' title='bbox 130 2628 247 2678; x_wconf 88' lang='lat' dir='ltr'>merato</span> <span class='ocrx_word' id='word_1_118' title='bbox 263 2627 352 2678; x_wconf 88' lang='lat' dir='ltr'>utero</span> <span class='ocrx_word' id='word_1_119' title='bbox 367 2627 525 2678; x_wconf 86' lang='lat' dir='ltr'>auctorem</span> <span class='ocrx_word' id='word_1_120' title='bbox 540 2617 613 2680; x_wconf 81' lang='lat' dir='ltr'>vitae</span> <span class='ocrx_word' id='word_1_121' title='bbox 628 2616 782 2702; x_wconf 88' lang='lat' dir='ltr'>suscipere</span> <span class='ocrx_word' id='word_1_122' title='bbox 797 2616 959 2679; x_wconf 88' lang='lat' dir='ltr'>meruistis.</span> <span class='ocrx_word' id='word_1_123' title='bbox 1006 2617 1128 2682; x_wconf 88' lang='lat' dir='ltr'>Amen.</span> 
     </span>
    </p>

    <p class='ocr_par' dir='ltr' id='par_1_10' title="bbox 129 2718 1302 3011">
     <span class='ocr_line' id='line_1_20' title="bbox 174 2718 1301 2805; baseline 0.007 -23"><span class='ocrx_word' id='word_1_124' title='bbox 174 2720 216 2784; x_wconf 88' lang='lat' dir='ltr'>Et</span> <span class='ocrx_word' id='word_1_125' title='bbox 240 2719 294 2805; x_wconf 94' lang='lat' dir='ltr'>qui</span> <span class='ocrx_word' id='word_1_126' title='bbox 318 2720 358 2783; x_wconf 88' lang='lat' dir='ltr'>ad</span> <span class='ocrx_word' id='word_1_127' title='bbox 381 2719 448 2802; x_wconf 88' lang='lat' dir='ltr'>ejus</span> <span class='ocrx_word' id='word_1_128' title='bbox 470 2719 686 2783; x_wconf 87' lang='lat' dir='ltr'>celebrandam</span> <span class='ocrx_word' id='word_1_129' title='bbox 707 2719 909 2783; x_wconf 88' lang='lat' dir='ltr'>festivitatem</span> <span class='ocrx_word' id='word_1_130' title='bbox 931 2718 1086 2785; x_wconf 89' lang='lat' dir='ltr'>hodierna</span> <span class='ocrx_word' id='word_1_131' title='bbox 1102 2723 1160 2788; x_wconf 90' lang='lat' dir='ltr'>die</span> <span class='ocrx_word' id='word_1_132' title='bbox 1177 2726 1301 2790; x_wconf 89' lang='lat' dir='ltr'>devotis</span> 
     </span>
     <span class='ocr_line' id='line_1_21' title="bbox 129 2822 1302 2916; baseline 0.007 -30"><span class='ocrx_word' id='word_1_133' title='bbox 129 2824 286 2888; x_wconf 88' lang='lat' dir='ltr'>mentibus</span> <span class='ocrx_word' id='word_1_134' title='bbox 310 2822 509 2900; x_wconf 88' lang='lat' dir='ltr'>convenistis,</span> <span class='ocrx_word' id='word_1_135' title='bbox 531 2823 717 2908; x_wconf 88' lang='lat' dir='ltr'>spiritalium</span> <span class='ocrx_word' id='word_1_136' title='bbox 740 2822 927 2908; x_wconf 85' lang='lat' dir='ltr'>gaudiorum</span> <span class='ocrx_word' id='word_1_137' title='bbox 950 2835 983 2885; x_wconf 92' lang='lat' dir='ltr'>et</span> <span class='ocrx_word' id='word_1_138' title='bbox 1005 2835 1203 2893; x_wconf 87' lang='lat' dir='ltr'>aeternorum</span> <span class='ocrx_word' id='word_1_139' title='bbox 1231 2853 1302 2916; x_wconf 89' lang='lat' dir='ltr'>pre·</span> 
     </span>
     <span class='ocr_line' id='line_1_22' title="bbox 130 2925 932 3011; baseline -0.002 -22"><span class='ocrx_word' id='word_1_140' title='bbox 130 2927 264 2989; x_wconf 90' lang='lat' dir='ltr'>miorum</span> <span class='ocrx_word' id='word_1_141' title='bbox 279 2926 440 2989; x_wconf 89' lang='lat' dir='ltr'>vobiscum</span> <span class='ocrx_word' id='word_1_142' title='bbox 455 2949 585 2988; x_wconf 88' lang='lat' dir='ltr'>munera</span> <span class='ocrx_word' id='word_1_143' title='bbox 600 2925 771 3011; x_wconf 89' lang='lat' dir='ltr'>reportetis.</span> <span class='ocrx_word' id='word_1_144' title='bbox 819 2926 932 2989; x_wconf 87' lang='lat' dir='ltr'>Amen.</span> 
     </span>
    </p>

    <p class='ocr_par' dir='ltr' id='par_1_11' title="bbox 176 3027 799 3116">
     <span class='ocr_line' id='line_1_23' title="bbox 176 3027 799 3116; baseline 0 -25"><span class='ocrx_word' id='word_1_145' title='bbox 176 3029 267 3108; x_wconf 77' lang='lat' dir='ltr'>Quod</span> <span class='ocrx_word' id='word_1_146' title='bbox 282 3031 355 3116; x_wconf 89' lang='lat' dir='ltr'>ipse.</span> <span class='ocrx_word' id='word_1_147' title='bbox 402 3029 516 3093; x_wconf 84' lang='lat' dir='ltr'>Amen.</span> <span class='ocrx_word' id='word_1_148' title='bbox 606 3027 799 3092; x_wconf 85' lang='lat' dir='ltr'>Benedictio</span> 
     </span>
    </p>
   </div>
   <div class='ocr_carea' id='block_1_6' title="bbox 255 3201 1168 3288">
    <p class='ocr_par' dir='ltr' id='par_1_12' title="bbox 255 3201 1168 3288">
     <span class='ocr_line' id='line_1_24' title="bbox 255 3201 1168 3288; baseline 0.01 -27"><span class='ocrx_word' id='word_1_149' title='bbox 255 3201 349 3261; x_wconf 95' lang='lat' dir='ltr'><em>IIII.</em></span> <span class='ocrx_word' id='word_1_150' title='bbox 365 3201 441 3263; x_wconf 86' lang='lat' dir='ltr'>Kal.</span> <span class='ocrx_word' id='word_1_151' title='bbox 486 3201 538 3264; x_wconf 87' lang='lat' dir='ltr'>Dc</span> <span class='ocrx_word' id='word_1_152' title='bbox 548 3203 692 3286; x_wconf 78' lang='lat' dir='ltr'>passione</span> <span class='ocrx_word' id='word_1_153' title='bbox 708 3201 815 3265; x_wconf 77' lang='lat' dir='ltr'>Sancti</span> <span class='ocrx_word' id='word_1_154' title='bbox 829 3203 984 3266; x_wconf 78' lang='lat' dir='ltr'>Jolrcaais</span> <span class='ocrx_word' id='word_1_155' title='bbox 998 3202 1168 3288; x_wconf 64' lang='lat' dir='ltr'>Baptistae.</span> 
     </span>
    </p>
   </div>
   <div class='ocr_carea' id='block_1_7' title="bbox 131 3335 1300 3919">
    <p class='ocr_par' dir='ltr' id='par_1_13' title="bbox 131 3335 1300 3630">
     <span class='ocr_line' id='line_1_25' title="bbox 176 3335 1300 3432; baseline 0.012 -35"><span class='ocrx_word' id='word_1_156' title='bbox 176 3336 270 3413; x_wconf 79' lang='lat' dir='ltr'>Deua,</span> <span class='ocrx_word' id='word_1_157' title='bbox 296 3335 350 3420; x_wconf 93' lang='lat' dir='ltr'>qui</span> <span class='ocrx_word' id='word_1_158' title='bbox 376 3360 431 3399; x_wconf 90' lang='lat' dir='ltr'>vos</span> <span class='ocrx_word' id='word_1_159' title='bbox 455 3337 539 3401; x_wconf 89' lang='lat' dir='ltr'>beati</span> <span class='ocrx_word' id='word_1_160' title='bbox 569 3337 725 3401; x_wconf 77' lang='lat' dir='ltr'>Iohannis</span> <span class='ocrx_word' id='word_1_161' title='bbox 756 3337 902 3423; x_wconf 88' lang='lat' dir='ltr'>Baptistae</span> <span class='ocrx_word' id='word_1_162' title='bbox 932 3338 1076 3401; x_wconf 89' lang='lat' dir='ltr'>concedit</span> <span class='ocrx_word' id='word_1_163' title='bbox 1107 3343 1300 3432; x_wconf 88' lang='lat' dir='ltr'>sollempnia</span> 
     </span>
     <span class='ocr_line' id='line_1_26' title="bbox 131 3438 1299 3528; baseline 0.013 -28"><span class='ocrx_word' id='word_1_164' title='bbox 131 3438 337 3524; x_wconf 87' lang='lat' dir='ltr'>frequentare,</span> <span class='ocrx_word' id='word_1_165' title='bbox 352 3441 469 3503; x_wconf 90' lang='lat' dir='ltr'>tribuat</span> <span class='ocrx_word' id='word_1_166' title='bbox 485 3441 574 3504; x_wconf 90' lang='lat' dir='ltr'>vobis</span> <span class='ocrx_word' id='word_1_167' title='bbox 589 3453 621 3502; x_wconf 94' lang='lat' dir='ltr'>et</span> <span class='ocrx_word' id='word_1_168' title='bbox 636 3440 744 3503; x_wconf 86' lang='lat' dir='ltr'>eadem</span> <span class='ocrx_word' id='word_1_169' title='bbox 761 3440 882 3503; x_wconf 88' lang='lat' dir='ltr'>devotis</span> <span class='ocrx_word' id='word_1_170' title='bbox 898 3441 1055 3505; x_wconf 91' lang='lat' dir='ltr'>mentibus</span> <span class='ocrx_word' id='word_1_171' title='bbox 1075 3443 1299 3528; x_wconf 79' lang='lat' dir='ltr'>celebrare,et</span> 
     </span>
     <span class='ocr_line' id='line_1_27' title="bbox 132 3544 872 3630; baseline 0 -23"><span class='ocrx_word' id='word_1_172' title='bbox 132 3568 192 3607; x_wconf 90' lang='lat' dir='ltr'>suae</span> <span class='ocrx_word' id='word_1_173' title='bbox 207 3545 433 3609; x_wconf 87' lang='lat' dir='ltr'>benedictionis</span> <span class='ocrx_word' id='word_1_174' title='bbox 449 3545 531 3607; x_wconf 89' lang='lat' dir='ltr'>dona</span> <span class='ocrx_word' id='word_1_175' title='bbox 545 3545 712 3630; x_wconf 84' lang='lat' dir='ltr'>percipere.</span> <span class='ocrx_word' id='word_1_176' title='bbox 758 3544 872 3607; x_wconf 86' lang='lat' dir='ltr'>Amen.</span> 
     </span>
    </p>

    <p class='ocr_par' dir='ltr' id='par_1_14' title="bbox 132 3647 1299 3919">
     <span class='ocr_line' id='line_1_28' title="bbox 177 3647 1298 3734; baseline 0.009 -23"><span class='ocrx_word' id='word_1_177' title='bbox 177 3649 220 3712; x_wconf 86' lang='lat' dir='ltr'>Et</span> <span class='ocrx_word' id='word_1_178' title='bbox 249 3648 304 3734; x_wconf 90' lang='lat' dir='ltr'>qui</span> <span class='ocrx_word' id='word_1_179' title='bbox 333 3672 389 3734; x_wconf 91' lang='lat' dir='ltr'>pro</span> <span class='ocrx_word' id='word_1_180' title='bbox 419 3648 497 3734; x_wconf 86' lang='lat' dir='ltr'>legis</span> <span class='ocrx_word' id='word_1_181' title='bbox 528 3648 594 3730; x_wconf 89' lang='lat' dir='ltr'>ejus</span> <span class='ocrx_word' id='word_1_182' title='bbox 619 3647 766 3733; x_wconf 90' lang='lat' dir='ltr'>preconio</span> <span class='ocrx_word' id='word_1_183' title='bbox 792 3648 995 3712; x_wconf 87' lang='lat' dir='ltr'>carceralibus</span> <span class='ocrx_word' id='word_1_184' title='bbox 1019 3661 1066 3711; x_wconf 87' lang='lat' dir='ltr'>est</span> <span class='ocrx_word' id='word_1_185' title='bbox 1091 3664 1236 3719; x_wconf 89' lang='lat' dir='ltr'>retrusus</span> <span class='ocrx_word' id='word_1_186' title='bbox 1264 3658 1298 3721; x_wconf 91' lang='lat' dir='ltr'>in</span> 
     </span>
     <span class='ocr_line' id='line_1_29' title="bbox 132 3750 1299 3837; baseline 0.008 -22"><span class='ocrx_word' id='word_1_187' title='bbox 132 3753 277 3829; x_wconf 87' lang='lat' dir='ltr'>tenebris,</span> <span class='ocrx_word' id='word_1_188' title='bbox 294 3752 512 3814; x_wconf 90' lang='lat' dir='ltr'>intercessione</span> <span class='ocrx_word' id='word_1_189' title='bbox 532 3772 586 3812; x_wconf 88' lang='lat' dir='ltr'>sua</span> <span class='ocrx_word' id='word_1_190' title='bbox 607 3773 625 3812; x_wconf 89' lang='lat' dir='ltr'>a</span> <span class='ocrx_word' id='word_1_191' title='bbox 646 3750 878 3813; x_wconf 87' lang='lat' dir='ltr'>tenebrosorum</span> <span class='ocrx_word' id='word_1_192' title='bbox 900 3775 1028 3837; x_wconf 90' lang='lat' dir='ltr'>operum</span> <span class='ocrx_word' id='word_1_193' title='bbox 1043 3753 1099 3814; x_wconf 89' lang='lat' dir='ltr'>vos</span> <span class='ocrx_word' id='word_1_194' title='bbox 1115 3754 1234 3822; x_wconf 86' lang='lat' dir='ltr'>liberat</span> <span class='ocrx_word' id='word_1_195' title='bbox 1249 3760 1299 3823; x_wconf 65' lang='lat' dir='ltr'>inn</span> 
     </span>
     <span class='ocr_line' id='line_1_30' title="bbox 132 3852 432 3919; baseline -0.013 -1"><span class='ocrx_word' id='word_1_196' title='bbox 132 3855 272 3919; x_wconf 89' lang='lat' dir='ltr'>centivis.</span> <span class='ocrx_word' id='word_1_197' title='bbox 318 3852 432 3915; x_wconf 86' lang='lat' dir='ltr'>Amen.</span> 
     </span>
    </p>
   </div>
   <div class='ocr_carea' id='block_1_8' title="bbox 133 3956 1298 4342">
    <p class='ocr_par' dir='ltr' id='par_1_15' title="bbox 133 3956 1298 4241">
     <span class='ocr_line' id='line_1_31' title="bbox 178 3956 1298 4043; baseline 0.009 -21"><span class='ocrx_word' id='word_1_198' title='bbox 178 3959 220 4022; x_wconf 87' lang='lat' dir='ltr'>Et</span> <span class='ocrx_word' id='word_1_199' title='bbox 250 3957 304 4043; x_wconf 93' lang='lat' dir='ltr'>qui</span> <span class='ocrx_word' id='word_1_200' title='bbox 333 3979 390 4041; x_wconf 93' lang='lat' dir='ltr'>pro</span> <span class='ocrx_word' id='word_1_201' title='bbox 414 3956 545 4018; x_wconf 85' lang='lat' dir='ltr'>veritate</span> <span class='ocrx_word' id='word_1_202' title='bbox 572 3978 632 4040; x_wconf 91' lang='lat' dir='ltr'>que</span> <span class='ocrx_word' id='word_1_203' title='bbox 660 3956 744 4018; x_wconf 88' lang='lat' dir='ltr'>Deus</span> <span class='ocrx_word' id='word_1_204' title='bbox 771 3968 816 4019; x_wconf 90' lang='lat' dir='ltr'>est</span> <span class='ocrx_word' id='word_1_205' title='bbox 843 3969 937 4043; x_wconf 85' lang='lat' dir='ltr'>caput</span> <span class='ocrx_word' id='word_1_206' title='bbox 961 3971 1098 4022; x_wconf 88' lang='lat' dir='ltr'>nonest</span> <span class='ocrx_word' id='word_1_207' title='bbox 1126 3977 1298 4031; x_wconf 89' lang='lat' dir='ltr'>cunctatus</span> 
     </span>
     <span class='ocr_line' id='line_1_32' title="bbox 133 4052 1298 4142; baseline 0.003 -22"><span class='ocrx_word' id='word_1_208' title='bbox 133 4057 285 4132; x_wconf 89' lang='lat' dir='ltr'>amittere,</span> <span class='ocrx_word' id='word_1_209' title='bbox 303 4077 357 4117; x_wconf 86' lang='lat' dir='ltr'>suo</span> <span class='ocrx_word' id='word_1_210' title='bbox 373 4055 467 4116; x_wconf 89' lang='lat' dir='ltr'>etiam</span> <span class='ocrx_word' id='word_1_211' title='bbox 483 4052 622 4122; x_wconf 87' lang='lat' dir='ltr'>adventu</span> <span class='ocrx_word' id='word_1_212' title='bbox 646 4054 686 4116; x_wconf 90' lang='lat' dir='ltr'>ad</span> <span class='ocrx_word' id='word_1_213' title='bbox 708 4055 810 4140; x_wconf 89' lang='lat' dir='ltr'>capud</span> <span class='ocrx_word' id='word_1_214' title='bbox 825 4056 967 4119; x_wconf 91' lang='lat' dir='ltr'>omnium</span> <span class='ocrx_word' id='word_1_215' title='bbox 983 4056 1067 4142; x_wconf 91' lang='lat' dir='ltr'>quod</span> <span class='ocrx_word' id='word_1_216' title='bbox 1084 4057 1234 4127; x_wconf 85' lang='lat' dir='ltr'>Christus</span> <span class='ocrx_word' id='word_1_217' title='bbox 1249 4080 1298 4130; x_wconf 84' lang='lat' dir='ltr'>est</span> 
     </span>
     <span class='ocr_line' id='line_1_33' title="bbox 135 4155 642 4241; baseline -0.004 -22"><span class='ocrx_word' id='word_1_218' title='bbox 135 4182 189 4221; x_wconf 87' lang='lat' dir='ltr'>vos</span> <span class='ocrx_word' id='word_1_219' title='bbox 204 4159 296 4221; x_wconf 88' lang='lat' dir='ltr'>faciat</span> <span class='ocrx_word' id='word_1_220' title='bbox 310 4156 481 4241; x_wconf 90' lang='lat' dir='ltr'>pervenire.</span> <span class='ocrx_word' id='word_1_221' title='bbox 528 4155 642 4217; x_wconf 87' lang='lat' dir='ltr'>Amen.</span> 
     </span>
    </p>

    <p class='ocr_par' dir='ltr' id='par_1_16' title="bbox 180 4257 964 4342">
     <span class='ocr_line' id='line_1_34' title="bbox 180 4257 964 4342; baseline 0.004 -22"><span class='ocrx_word' id='word_1_222' title='bbox 180 4260 270 4338; x_wconf 76' lang='lat' dir='ltr'>Quod</span> <span class='ocrx_word' id='word_1_223' title='bbox 285 4259 358 4342; x_wconf 91' lang='lat' dir='ltr'>ipse.</span> <span class='ocrx_word' id='word_1_224' title='bbox 405 4260 520 4320; x_wconf 90' lang='lat' dir='ltr'>Amen.</span> <span class='ocrx_word' id='word_1_225' title='bbox 611 4257 803 4321; x_wconf 88' lang='lat' dir='ltr'>Benedictio.</span> <span class='ocrx_word' id='word_1_226' title='bbox 850 4262 964 4323; x_wconf 89' lang='lat' dir='ltr'>Amen.</span> 
     </span>
    </p>
   </div>
   <div class='ocr_carea' id='block_1_9' title="bbox 0 0 1440 4934">
    <p class='ocr_par' dir='ltr' id='par_1_17' title="bbox 0 0 1440 4934">
     <span class='ocr_line' id='line_1_35' title="bbox 0 0 1440 4934; baseline 0 0"><span class='ocrx_word' id='word_1_227' title='bbox 0 0 1440 4934; x_wconf 95' lang='lat' dir='ltr'> </span> 
     </span>
    </p>
   </div>
  </div>
 </body>
</html>
