2866 4934
127 360 167 419 98
463 377 705 424 rourrrrcsaa
721 375 946 424 aceaeanrr.

126 529 238 592 mentis
262 542 294 592 et
317 533 453 617 corperis
478 532 734 596 incommoditate
759 531 929 609 eruamini,
947 532 1082 598 habere
1107 546 1145 598 et
1166 529 1305 620 quioquid

127 631 306 696 desideratis
321 634 436 698 affectu
450 636 543 699 celeri
559 633 799 721 consequamini.

173 736 264 815 Quod
280 737 356 823 ipse.
445 739 639 802 Benedictio.

424 937 652 1000 ltaaamerro
669 953 782 1000 saraa
798 951 991 998 sanonum.

170 1084 312 1149 Christus
336 1086 396 1150 Dei
422 1085 516 1164 filius,
540 1087 594 1173 qui
620 1100 667 1151 est
695 1086 822 1150 initium
847 1096 879 1147 et
905 1083 997 1162 finis,
1025 1088 1300 1175 complementum

126 1189 215 1253 vobis
230 1191 347 1254 tribuat
362 1191 513 1268 caritatis3
536 1205 569 1254 et
583 1191 637 1276 qui
652 1215 708 1254 vos
730 1190 769 1253 ad
784 1187 1004 1274 expletionem
1020 1189 1132 1275 hujus
1149 1191 1227 1257 feeit
1239 1216 1299 1279 per·

124 1294 231 1358 venire
251 1294 387 1372 concilii,
410 1295 566 1358 absolutos
581 1318 636 1358 vos
659 1294 773 1358 efficiat
788 1292 827 1357 ab
846 1291 935 1354 omni
960 1296 1172 1382 contagione
1189 1296 1296 1360 delicti.

127 1396 241 1461 Amen.

170 1500 216 1563 Ut
231 1501 270 1564 ab
285 1500 372 1563 omni
387 1512 475 1563 reatu
486 1500 645 1564 liberiores
659 1500 773 1577 effecti,
786 1511 818 1563 et
832 1497 969 1561 absoluti
985 1500 1092 1564 etiam
1110 1526 1172 1589 per
1183 1504 1293 1567 donum

128 1601 261 1687 Spiritus
287 1603 403 1679 Sancti,
420 1602 504 1666 selici
526 1603 630 1667 reditu
652 1616 823 1668 vestrarmn
846 1599 970 1664 sedium
999 1604 1129 1670 cubilia
1153 1607 1293 1694 repetatis

124 1704 212 1767 illesi.
259 1705 373 1768 Amen.

170 1808 298 1894 Semper
316 1808 458 1893 proficiat
479 1833 553 1874 cura
568 1823 680 1888 vestra,
696 1824 732 1872 ut
746 1808 870 1895 quando
881 1807 986 1891 judex
1003 1814 1150 1893 venerit,
1167 1815 1291 1902 evigilet

124 1912 201 1977 {ides
215 1926 317 1976 vestra
332 1913 505 2000 vigilantiae
519 1916 674 1999 premium
691 1913 729 1978 de
746 1912 883 1976 Domino
898 1927 1105 1998 perceptura.
1156 1918 1270 1981 Amen.

402 2052 454 2114 De
463 2062 612 2137 potestate
622 2051 808 2137 predicandi
822 2050 855 2112 ia
865 2047 994 2133 populo.

168 2170 210 2233 Et
225 2171 309 2256 quod
324 2170 392 2234 aliis
407 2194 459 2234 ore
474 2170 638 2257 predicatio
654 2170 746 2233 corde
762 2190 882 2254 semper
896 2168 1042 2232 teneatis.
1093 2172 1216 2238 Arnen.

167 2273 326 2337 Exaudiet
341 2295 395 2337 vos
411 2274 566 2337 Dominus
586 2273 620 2335 in
635 2285 774 2359 tempore
789 2270 936 2335 orationis
951 2284 1069 2352 vestre,
1081 2289 1117 2339 et
1133 2277 1190 2341 det
1204 2277 1288 2342 vobis
1385 2318 1388 2329 ι

122 2378 285 2440 consilium
295 2377 502 2454 rectitudinis,
510 2388 542 2439 et
553 2375 684 2438 evadere
695 2373 878 2438 mereamini
883 2373 1075 2459 supplicium
1085 2377 1285 2445 Acherontis.

168 2526 336 2613 [Assumus
355 2526 466 2592 Sancte
492 2529 636 2615 SpirituS,
652 2551 790 2592 assumus
805 2526 924 2613 peccati
939 2526 1070 2612 quidem
1087 2531 1285 2598 immanitate

122 2631 252 2709 detenti,
265 2631 319 2695 se'd
334 2631 368 2694 in
377 2631 505 2696 nomine
520 2646 574 2696 tue
586 2632 760 2718 specialiter
771 2629 944 2716 aggregati,
957 2631 1034 2694 veni
1045 2632 1089 2696 ad
1101 2638 1283 2714 nos,adesto

122 2736 221 2814 nobis,
239 2750 271 2799 et
289 2735 418 2822 dignare
433 2736 520 2800 illabi
538 2736 682 2800 cordibus
700 2735 828 2798 nostris:
851 2733 928 2797 doce
950 2757 1007 2797 nos
1034 2736 1117 2821 quid
1142 2763 1283 2827 agamus,

122 2858 184 2919 quo
210 2835 399 2922 gradiamur,
421 2836 549 2899 ostende
573 2835 649 2920 quid
676 2834 845 2897 efficiamus
868 2833 1010 2918 operari:
1047 2847 1117 2898 esto
1142 2838 1228 2903 solus
1253 2852 1283 2903 et

122 2951 284 3023 suggestor
300 2950 332 3000 et
347 2937 473 3001 effector
493 2938 686 3022 judiciorum
701 2949 887 3006 nostrorum,
904 2936 960 3021 qui
983 2935 1067 3000 solus
1088 2962 1165 3003 curn
1192 2942 1282 3006 Patre

123 3051 154 3100 et
169 3041 235 3122 ejus
252 3041 334 3102 Filio
352 3064 467 3104 nomen
489 3042 625 3128 possides
649 3040 828 3127 gloriosum.
875 3039 949 3103 Non
972 3063 1029 3103 nos
1055 3043 1189 3127 patiaris
1215 3070 1282 3134 per·

123 3142 294 3204 turbatores
310 3164 373 3205 esse
384 3143 523 3225 justitiae,
540 3146 594 3231 qui
617 3168 737 3208 summe
752 3143 859 3230 diligis
879 3142 1069 3228 aequitatem,
1085 3158 1125 3210 ut
1144 3147 1179 3211 in
1195 3149 1282 3214 sinis·

123 3254 206 3305 trum
222 3267 277 3306 nos
300 3267 363 3307 non
382 3245 559 3330 ignorantia
574 3246 687 3325 trahat,
703 3271 768 3311 non
783 3245 870 3309 favor
890 3244 1041 3324 inflectat,
1057 3270 1124 3312 non
1141 3233 1282 3340 acceptio

122 3347 258 3411 muneris
283 3348 334 3413 vel
363 3373 499 3434 persona
523 3362 716 3436 corrumpat:
739 3350 794 3413 sed
815 3349 916 3435 junge
942 3372 999 3412 nos
1026 3349 1086 3414 tibi
1110 3353 1283 3421 efficaciter

122 3450 215 3514 solius
230 3452 337 3538 gratiae
348 3463 409 3516 ture
424 3453 517 3530 dono,
528 3466 564 3516 ut
580 3453 675 3516 simus
690 3453 724 3514 in
739 3464 771 3515 te
786 3475 897 3529 unum,
913 3463 945 3515 et
960 3452 994 3514 in
1009 3453 1098 3517 nullo
1114 3455 1282 3524 deviemus

122 3578 239 3634 avere,
257 3556 389 3641 qualiter
409 3557 442 3620 in
463 3557 591 3620 nomine
615 3569 670 3619 tuo
693 3555 826 3632 collecti,
843 3555 886 3618 sio
911 3555 945 3617 in
971 3557 1092 3621 cunctis
1115 3571 1283 3628 teneamus

122 3680 194 3720 cum
217 3660 429 3722 moderamine
453 3659 578 3745 pietatis
598 3657 769 3743 justiciam,
785 3670 822 3721 ut
844 3670 876 3721 et
897 3657 951 3721 hic
972 3683 990 3722 a
1012 3671 1044 3724 te
1059 3659 1095 3723 in
1110 3665 1204 3730 nullo
1221 3667 1282 3731 dis·

121 3762 233 3825 sentiat
249 3761 402 3826 sententia
417 3773 532 3838 nostra,
549 3762 629 3824 etin
645 3760 751 3824 futuro
766 3785 822 3848 pro
836 3761 916 3825 bene
932 3761 1028 3846 gestis
1048 3786 1282 3853 consequamur

120 3866 239 3948 premia
254 3864 449 3951 sempiterna.

589 4086 593 4094 Δ
613 4003 656 4063 Io
671 4002 704 4085 a'j.
721 4002 778 4064 die.

166 4128 350 4190 Nostrorum
366 4128 435 4204 tibi,
453 4127 599 4203 Domine,
616 4139 780 4191 curvantes
804 4151 907 4213 genua
929 4127 1072 4193 cordium
1087 4155 1281 4217 quaesumus,

122 4237 158 4287 ut
186 4229 303 4291 bonum
330 4229 414 4313 quod
443 4229 532 4291 nobis
559 4252 576 4290 a
603 4241 633 4289 te
659 4228 829 4310 requiritur
858 4253 1059 4314 exequamur,
1085 4235 1218 4317 scilicet,
1245 4254 1284 4305 ut

121 4341 264 4412 prompta
277 4343 380 4392 tecum
404 4328 613 4393 sollicitudine
636 4328 823 4412 gradientes,
840 4331 1033 4395 discretionis
1048 4336 1147 4401 ardue
1163 4342 1283 4409 subtile
