2866 4934
150 366 210 423 100
495 385 738 432 rourrrrcanu
754 382 985 431 1101111111.

191 537 251 616 Qui
267 559 323 622 pro
339 550 370 599 te
385 560 417 600 se
431 536 612 618 humiliant,
628 555 660 604 et
680 552 813 603 nostram
835 536 1118 603 benedictionem
1145 539 1327 615 desiderant,

144 650 230 701 tuam
246 640 488 704 misericordiam
504 665 625 729 semper
639 658 671 707 et
686 644 799 729 ubique
813 640 997 705 inveniant.
1050 642 1184 707 Amen.

190 742 248 806 llle
268 766 323 805 vos
346 744 509 808 benedicat
533 761 565 809 et
589 747 742 810 custodiat
765 759 796 809 et
819 756 972 831 protegat
997 759 1107 832 atque
1125 747 1288 824 defendat,
1302 759 1328 810 et

145 844 211 930 ipse
226 860 351 909 tueatur
366 871 421 911 vos
437 848 476 911 de
492 850 587 927 omlis,
604 851 659 935 qui
674 862 720 914 est
737 849 928 933 Redemptor
944 860 1061 913 vester
1083 851 1124 913 in
1151 851 1261 915 terris:
1282 850 1327 913 ille

145 972 273 1035 corpora
288 966 320 1015 et
334 952 452 1015 animas
467 968 584 1017 vestras
600 953 749 1031 vivificet,
770 964 802 1016 et
821 949 861 1014 ad
879 950 1030 1016 coelestia
1046 976 1160 1041 regna
1175 954 1325 1042 perducat.
1402 1018 1407 1027 ,

148 1053 262 1117 Amen.

191 1158 281 1237 Quod
297 1158 371 1244 ipse.
418 1159 533 1223 Amen.
624 1159 813 1224 Benedictio.

323 1400 433 1465 M1ssn
451 1420 521 1466 ruo
537 1419 693 1466 aremus
709 1419 748 1465 m
764 1417 827 1464 nm
844 1413 1165 1467 nnunmemoms.

191 1572 268 1635 Ant.
292 1571 403 1635 Justus
417 1596 459 1649 es,
478 1574 624 1651 Domine,
641 1587 673 1637 et
687 1586 814 1637 rectum.

188 1674 342 1737 Paalmus.
367 1675 455 1739 Beati
471 1677 661 1740 inmaeulati.

191 1777 276 1842 Deus
288 1802 454 1865 regnorum
465 1781 606 1842 omnium
616 1794 648 1844 et
661 1777 828 1843 Christiani
844 1774 984 1839 maxime
1000 1792 1176 1863 protector
1190 1780 1318 1868 imperii,

147 1882 188 1946 de
217 1906 305 1946 servo
335 1896 391 1945 tuo
417 1882 483 1968 regi
511 1896 616 1945 nostro
642 1882 682 1944 N.
708 1878 902 1966 triumphum
927 1877 1065 1944 virtutis
1093 1907 1162 1947 suae
1193 1885 1320 1948 scienter

147 1985 300 2062 excolere,
313 1999 348 2048 ut
360 1986 409 2069 cuj
414 2009 450 2048 us
461 1985 684 2049 constitutione
693 1996 766 2048 sunt
776 1981 941 2071 principes,
955 1982 1027 2065 ejus
1044 2007 1178 2073 semper
1194 2009 1318 2050 munere
1419 2040 1423 2047 .

150 2088 213 2151 sint
228 2101 403 2174 potestates.

191 2192 296 2256 Lectio
312 2192 386 2255 libri
400 2192 539 2255 Leuitici.

193 2295 269 2359 Haee
284 2295 362 2359 dicit
381 2295 535 2358 Dominus
562 2293 662 2356 Deus:
687 2293 776 2356 Dabo
796 2311 904 2378 pacem
919 2288 954 2351 in
968 2286 1093 2355 finibus
1109 2295 1237 2373 vestris,
1252 2294 1316 2358 dor·
1417 2296 1420 2309 '

149 2399 251 2463 mietis
269 2412 300 2461 et
321 2423 384 2462 non
408 2412 454 2462 est
478 2398 531 2482 qui
552 2410 718 2474 exterreat,
735 2395 871 2459 auferam
886 2392 982 2455 malas
997 2393 1131 2476 bestias,
1149 2411 1184 2462 et
1199 2398 1315 2485 gladius

149 2525 213 2564 non
238 2502 382 2564 transibit
405 2501 553 2564 terminos
569 2513 701 2562 vestros:
724 2495 952 2585 persequemini
967 2494 1121 2562 inimicos
1137 2514 1268 2579 vestros,
1286 2515 1314 2564 et

149 2617 294 2668 corruent
304 2628 406 2667 eoram
418 2604 517 2680 vobis,
528 2615 559 2666 et
568 2613 790 2688 persequentur
806 2599 944 2686 quinque
959 2597 999 2660 de
1012 2603 1130 2666 vestris
1147 2621 1179 2668 c.
1192 2605 1313 2678 alienos,

148 2722 182 2772 et
205 2725 236 2771 ο.
260 2731 301 2771 ex
321 2708 409 2770 vobis
432 2731 465 2768 x.
488 2706 594 2782 milia,
623 2705 795 2789 cadentque
819 2700 939 2765 inimici
961 2702 1062 2764 vestri
1089 2704 1127 2767 in
1152 2719 1316 2794 conspectu

150 2824 253 2875 vestro
277 2810 397 2896 gladio;
426 2808 587 2895 respiciam
611 2830 677 2882 vos,
703 2820 735 2870 11
757 2827 890 2869 creseere
915 2802 1040 2882 faciam,
1065 2820 1101 2870 et
1126 2810 1313 2899 multiplica-

151 2913 272 2989 bimini,
309 2926 341 2976 et
376 2912 506 2976 firmabo
543 2922 669 2998 paetum
704 2932 810 2972 meum
841 2905 1013 2982 vobiscum,
1047 2907 1132 2974 dicit
1165 2912 1316 2977 Dominus

154 3016 368 3100 Omnipotens.

200 3119 299 3184 Greci.
325 3118 453 3181 Salvum
469 3119 517 3182 fae
532 3142 654 3181 servum
672 3130 772 3179 tuum.

202 3221 286 3284 Vera
310 3219 448 3284 Auribus
467 3221 602 3308 percipe,
620 3219 765 3282 Domine.
811 3215 958 3280 Alleluia.

196 3323 332 3410 Magnus
347 3323 512 3401 Dominus,
528 3324 576 3387 vel
592 3322 727 3385 Domine
743 3321 777 3383 in
792 3320 910 3383 virtute
926 3331 987 3380 tua.

198 3426 364 3514 Sequentia
380 3428 487 3491 Sancti
501 3425 667 3509 Eneapelii
681 3425 845 3487 secandam
859 3419 1040 3484 Mauaeum.

197 3532 234 3596 ln
250 3531 305 3594 illo
321 3542 469 3616 tempore.
515 3529 678 3591 Abeuntes
707 3524 852 3588 Pharisaei
874 3521 1052 3601 consilium,
1074 3538 1106 3589 et
1124 3541 1180 3593 eet.
1197 3534 1318 3617 require

151 3646 232 3701 retro
247 3638 281 3699 ia
296 3632 464 3696 ebdomada
478 3634 537 3718 eiij
551 3630 683 3713 11111911.
699 3631 733 3691 in
740 3629 827 3714 ferta
842 3652 869 3691 v.

394 3803 569 3869 Benedictio
584 3823 677 3885 saper
691 3821 791 3886 repeat
806 3800 922 3862 noviter
937 3797 1072 3861 electam.

197 3941 241 4005 Te
256 3944 439 4004 invocamus
455 3938 591 4000 Domine
607 3950 721 4013 sancte,
739 3939 832 4002 Pater
849 3938 1067 4023 Omnipotens,
1083 3950 1204 4008 aeterne
1221 3944 1317 4021 Deus,

152 4056 187 4105 ut
202 4043 286 4107 hune
303 4037 456 4104 famulum
471 4051 562 4101 tuum
579 4037 631 4112 N,
644 4061 736 4122 quem
751 4053 813 4103 tuae
827 4041 934 4105 divine
954 4038 1198 4123 dispensationis
1211 4048 1319 4134 provi·

153 4144 259 4207 denaia
280 4148 315 4208 in
338 4137 509 4224 primordio
531 4139 729 4224 plasmatum,
745 4166 842 4228 usque
866 4144 906 4206 ad
927 4142 1013 4205 hunc
1033 4159 1217 4226 presentem
1233 4150 1316 4214 diem

149 4243 285 4323 juvenili
300 4243 378 4305 flore
393 4238 548 4303 letantem
564 4260 698 4302 erescere
718 4245 904 4320 concessisti,
920 4267 992 4307 eum
1007 4254 1069 4305 tuae
1084 4246 1217 4329 pietatis
1233 4252 1316 4316 dono

155 4343 299 4419 ditatum,
315 4341 506 4425 plenumque
524 4337 661 4402 veritatis
681 4344 791 4421 gratia,
813 4346 851 4408 de
876 4345 926 4408 die
948 4345 982 4406 in
1007 4344 1103 4424 diem,
1120 4372 1231 4418 coram
1249 4355 1316 4419 Deo
