2866 4934
545 407 850 454 nannmcmonns.
1247 400 1287 457 95

160 555 209 617 Da
236 557 266 620 ei
291 557 473 643 sapientiam
504 574 631 640 rectam,
659 563 848 649 patientiam
881 563 1056 648 probatam,
1089 564 1286 629 abstinentiae

116 657 276 739 virtutem,
292 672 324 724 et
338 661 437 725 vitam
453 663 555 727 tribue
570 688 750 750 perennem.
798 665 918 728 Amen.

275 832 451 897 Benedictio
466 859 558 922 anper
573 839 688 921 Royan
703 839 834 902 dicendo
850 848 985 924 tempore
1001 839 1127 924 Synodi.
1182 826 1184 831 ’

159 966 330 1031 Benedicat
354 970 414 1033 tibi
437 971 603 1050 Dominus,
628 972 870 1058 custodiensque
897 973 980 1037 sicut
1004 986 1037 1037 tc
1059 975 1163 1038 voluit
1189 999 1281 1063 super

113 1070 265 1153 populum
280 1095 372 1134 suurn
387 1074 574 1138 constituere
585 1099 703 1162 regem,
717 1076 763 1139 ita
779 1075 856 1139 etin
872 1077 1010 1162 presenti
1021 1077 1131 1140 saeculo
1144 1078 1278 1157 felicem,

113 1183 145 1232 et
159 1183 272 1236 aeterne
287 1173 447 1238 felicitatis
462 1176 580 1241 tribuat
595 1201 659 1242 esse
674 1190 861 1242 consortem.
908 1179 1024 1242 Amen.

157 1273 283 1338 Clerum
298 1300 334 1340 ac
349 1279 503 1364 populum
520 1303 613 1364 quem
629 1304 683 1344 sua
698 1281 801 1345 voluit
817 1281 1024 1367 opitulatione
1039 1306 1096 1369 pre
1117 1295 1172 1346 tua
1193 1307 1279 1348 sanc-

112 1374 282 1442 tificatione
298 1383 495 1467 congregari,
507 1406 562 1446 sua
572 1384 802 1470 dispensatione
818 1396 849 1447 et
864 1396 920 1448 tua
935 1385 1208 1450 administratione
1223 1412 1279 1473 per

114 1479 262 1544 diuturna
277 1495 419 1570 tempora
434 1485 528 1548 faciat
544 1486 675 1550 feliciter
690 1487 870 1573 gubernari.
916 1488 1032 1551 Amen.

159 1584 318 1663 Quatenus
352 1587 469 1651 divinis
500 1588 629 1652 monitis
662 1601 818 1675 parentes,
855 1589 1096 1654 adversitatibus
1131 1592 1278 1656 omnibus

114 1701 261 1766 carentes,
283 1689 373 1753 bonis
396 1691 542 1754 omnibus
564 1693 781 1769 exuberantes,
798 1705 854 1755 tuo
872 1693 1046 1756 ministerio
1062 1692 1149 1756 fideli
1171 1717 1276 1759 amore

114 1790 326 1876 obsequentes
343 1806 374 1855 et
389 1793 423 1855 in
438 1795 573 1878 presenti
584 1795 694 1858 saeculo
716 1795 804 1881 pacis
830 1795 1057 1880 tranquillitate
1073 1795 1227 1874 fruantur,
1245 1811 1276 1861 et

115 1905 218 1956 tecum
234 1907 419 1958 :eternorum
436 1896 553 1959 civium
569 1898 723 1962 consortio
739 1897 837 1983 potiri
851 1911 1038 1961 mereantur.
1084 1898 1199 1972 Amen.

160 1996 252 2074 Quod
266 1997 340 2082 ipse.
388 1998 502 2061 Amen.
592 1999 787 2064 Benedicti0.
833 1998 949 2063 Arnen.

481 2170 657 2235 Benedictio
669 2195 764 2258 eropon
779 2172 902 2256 Reyene.

157 2308 295 2372 Benedic
329 2308 465 2371 Domine
500 2308 741 2373 clementissime
771 2307 858 2372 hunc
886 2331 993 2394 regem
1023 2332 1096 2371 cum
1125 2310 1272 2375 universo

112 2411 228 2496 populo
243 2434 309 2489 suc,
326 2411 406 2474 sieut
421 2411 612 2475 benedixisti
622 2411 785 2474 Abraham
802 2410 836 2473 in
851 2410 976 2489 militia,
992 2410 1076 2475 lsaae
1088 2411 1122 2474 in
1131 2412 1271 2492 victima,

113 2512 214 2578 Jacob
228 2515 263 2576 in
278 2539 399 2601 pascua.
446 2515 561 2579 Amen.

156 2617 205 2680 Da
229 2618 259 2680 ei
281 2619 320 2682 de
344 2641 412 2681 rore
436 2618 507 2680 eceli
530 2617 797 2696 benedictionem,
814 2619 853 2682 de
868 2617 1063 2704 pinguedine
1078 2629 1166 2680 terrae
1181 2620 1271 2683 uber·
1328 2638 1332 2644 ’

111 2731 218 2798 tatem,
231 2720 272 2783 de
283 2720 418 2784 inimicis
430 2719 638 2806 triumphum,
652 2720 690 2782 de
701 2720 819 2783 lumbis
834 2720 897 2784 suis
908 2721 1044 2784 sobolem
1055 2733 1270 2806 regnaturum.

111 2821 226 2886 Amen.
304 2845 308 2852 ’

156 2926 203 2990 Sit
225 2926 407 2991 indeficiens
432 2949 519 2988 amor
543 2926 578 2988 in
601 2925 730 3011 populo,
759 2936 791 2987 et
816 2949 880 3012 pax
906 2923 1078 3012 peregrinis
1102 2925 1136 2987 in
1162 2948 1270 3012 regnu.

111 3027 225 3093 Amen.

153 3133 246 3211 Quod
260 3132 336 3218 ipse.
383 3133 498 3195 Amen.
590 3130 782 3194 Benedictie
829 3131 944 3195 Amen.

474 3304 650 3367 Benedictio
665 3325 757 3388 scepei
772 3305 897 3390 Repent.

155 3439 365 3525 Omnipotens
391 3438 476 3500 Deus
499 3437 554 3501 dat
580 3439 639 3502 tibi
666 3439 787 3525 copiam
813 3464 876 3504 suae
902 3439 1140 3514 benedictionis,
1156 3442 1212 3525 qui
1239 3455 1270 3506 te

108 3544 226 3627 populo
243 3564 299 3605 sue
315 3562 435 3626 preesse
450 3541 552 3629 voluit
568 3540 650 3604 dono
666 3565 726 3604 suae
741 3541 957 3605 miserationis.
1003 3540 1119 3603 Amen.

152 3646 293 3709 Dextera
317 3642 465 3729 potentiae
488 3666 549 3705 suae
573 3642 773 3706 inimicorum
799 3656 926 3707 tuorum
942 3643 1021 3706 colla
1036 3654 1220 3727 prosternat,
1237 3659 1269 3708 et

109 3759 140 3810 te
160 3749 320 3812 invictum
347 3745 485 3809 hostium
510 3745 631 3808 feritate
648 3746 789 3830 depressa
812 3743 941 3832 pacifice
965 3768 1095 3831 regnare
1111 3746 1268 3810 concedat.

112 3849 227 3914 Amen.

153 3955 285 4017 Etcum
303 3976 340 4014 eo
356 3952 422 4015 sine
437 3948 500 4013 fine
523 3950 653 4014 feliciter
668 3973 798 4036 regnare
822 3950 988 4037 contingat
1011 3950 1047 4012 in
1062 3949 1157 4027 ecelis,
1174 3974 1192 4014 a
1207 3975 1268 4036 quo

108 4056 256 4144 accepisti
265 4068 303 4120 ut
313 4076 442 4118 munere
454 4076 515 4116 suae
525 4053 650 4139 pietatis
659 4076 789 4139 regnare
801 4053 963 4120 merereris
975 4053 1008 4115 in
1020 4052 1118 4115 terris.
1154 4052 1268 4118 Amen.

153 4160 247 4240 Quod
261 4161 339 4246 ipse.
386 4157 500 4219 Amen.
590 4156 782 4221 Benedicti0.
