<?xml version="1.0" encoding="UTF-8"?>
<!DOCTYPE html PUBLIC "-//W3C//DTD XHTML 1.0 Transitional//EN"
    "http://www.w3.org/TR/xhtml1/DTD/xhtml1-transitional.dtd">
<html xmlns="http://www.w3.org/1999/xhtml" xml:lang="en" lang="en">
 <head>
  <title>
</title>
<meta http-equiv="Content-Type" content="text/html;charset=utf-8" />
  <meta name='ocr-system' content='tesseract 3.04.00' />
  <meta name='ocr-capabilities' content='ocr_page ocr_carea ocr_par ocr_line ocrx_word'/>
</head>
<body>
  <div class='ocr_page' id='page_1' title='image "./pontificalegber00churgoog_0039.png"; bbox 0 0 2866 4934; ppageno 0'>
   <div class='ocr_carea' id='block_1_1' title="bbox 137 366 952 427">
    <p class='ocr_par' dir='ltr' id='par_1_1' title="bbox 137 366 952 427">
     <span class='ocr_line' id='line_1_1' title="bbox 137 366 952 427; baseline 0 -2"><span class='ocrx_word' id='word_1_1' title='bbox 137 366 175 425; x_wconf 80' lang='lat' dir='ltr'><strong>le</strong></span> <span class='ocrx_word' id='word_1_2' title='bbox 474 377 952 427; x_wconf 72' lang='lat' dir='ltr'><strong>Ponrlrlcfflrncennnnrn</strong></span> 
     </span>
    </p>
   </div>
   <div class='ocr_carea' id='block_1_2' title="bbox 131 531 1311 725">
    <p class='ocr_par' dir='ltr' id='par_1_2' title="bbox 131 531 1311 725">
     <span class='ocr_line' id='line_1_2' title="bbox 132 531 1311 620; baseline 0.003 -21"><span class='ocrx_word' id='word_1_3' title='bbox 132 534 303 619; x_wconf 84' lang='lat' dir='ltr'><strong>adjuvante</strong></span> <span class='ocrx_word' id='word_1_4' title='bbox 330 531 469 597; x_wconf 90' lang='lat' dir='ltr'><strong>Domino</strong></span> <span class='ocrx_word' id='word_1_5' title='bbox 497 533 611 599; x_wconf 92' lang='lat' dir='ltr'><strong>Nostro</strong></span> <span class='ocrx_word' id='word_1_6' title='bbox 642 535 720 601; x_wconf 84' lang='lat' dir='ltr'><strong>Jesu</strong></span> <span class='ocrx_word' id='word_1_7' title='bbox 747 533 882 612; x_wconf 86' lang='lat' dir='ltr'><strong>Christo,</strong></span> <span class='ocrx_word' id='word_1_8' title='bbox 909 533 1067 620; x_wconf 92' lang='lat' dir='ltr'><strong>quicum</strong></span> <span class='ocrx_word' id='word_1_9' title='bbox 1094 557 1139 601; x_wconf 87' lang='lat' dir='ltr'><strong>eo</strong></span> <span class='ocrx_word' id='word_1_10' title='bbox 1164 537 1253 603; x_wconf 85' lang='lat' dir='ltr'><strong>vivit</strong></span> <span class='ocrx_word' id='word_1_11' title='bbox 1281 551 1311 603; x_wconf 89' lang='lat' dir='ltr'><strong>et</strong></span> 
     </span>
     <span class='ocr_line' id='line_1_3' title="bbox 131 634 1015 725; baseline 0 -24"><span class='ocrx_word' id='word_1_12' title='bbox 131 649 244 723; x_wconf 78' lang='lat' dir='ltr'><strong>regnet</strong></span> <span class='ocrx_word' id='word_1_13' title='bbox 259 635 346 700; x_wconf 87' lang='lat' dir='ltr'><strong>Deus</strong></span> <span class='ocrx_word' id='word_1_14' title='bbox 361 634 395 698; x_wconf 90' lang='lat' dir='ltr'><strong>in</strong></span> <span class='ocrx_word' id='word_1_15' title='bbox 410 634 532 700; x_wconf 84' lang='lat' dir='ltr'><strong>unitate</strong></span> <span class='ocrx_word' id='word_1_16' title='bbox 550 636 685 723; x_wconf 80' lang='lat' dir='ltr'><strong>Spiritus</strong></span> <span class='ocrx_word' id='word_1_17' title='bbox 703 637 810 704; x_wconf 77' lang='lat' dir='ltr'><strong>Sancti</strong></span> <span class='ocrx_word' id='word_1_18' title='bbox 825 659 881 725; x_wconf 90' lang='lat' dir='ltr'><strong>per</strong></span> <span class='ocrx_word' id='word_1_19' title='bbox 899 636 1015 712; x_wconf 68' lang='lat' dir='ltr'><strong>omnia,</strong></span> 
     </span>
    </p>
   </div>
   <div class='ocr_carea' id='block_1_3' title="bbox 130 808 1306 1244">
    <p class='ocr_par' dir='ltr' id='par_1_3' title="bbox 130 808 1306 1244">
     <span class='ocr_line' id='line_1_4' title="bbox 540 808 874 897; baseline 0.009 -26"><span class='ocrx_word' id='word_1_20' title='bbox 540 808 717 876; x_wconf 81' lang='lat' dir='ltr'><em>Benedictio</em></span> <span class='ocrx_word' id='word_1_21' title='bbox 732 812 874 897; x_wconf 81' lang='lat' dir='ltr'><strong>ejuadem.</strong></span> 
     </span>
     <span class='ocr_line' id='line_1_5' title="bbox 177 944 1306 1033; baseline 0.008 -26"><span class='ocrx_word' id='word_1_22' title='bbox 177 944 313 1008; x_wconf 86' lang='lat' dir='ltr'>Domine</span> <span class='ocrx_word' id='word_1_23' title='bbox 343 944 466 1022; x_wconf 90' lang='lat' dir='ltr'><strong>Sancte,</strong></span> <span class='ocrx_word' id='word_1_24' title='bbox 496 944 586 1008; x_wconf 87' lang='lat' dir='ltr'><strong>Pater</strong></span> <span class='ocrx_word' id='word_1_25' title='bbox 616 945 824 1033; x_wconf 86' lang='lat' dir='ltr'><strong>omnipotens,</strong></span> <span class='ocrx_word' id='word_1_26' title='bbox 851 956 964 1009; x_wconf 87' lang='lat' dir='ltr'><strong>aeterne</strong></span> <span class='ocrx_word' id='word_1_27' title='bbox 984 944 1084 1024; x_wconf 88' lang='lat' dir='ltr'><strong>Deus,</strong></span> <span class='ocrx_word' id='word_1_28' title='bbox 1112 947 1306 1016; x_wconf 88' lang='lat' dir='ltr'><strong>benedicere</strong></span> 
     </span>
     <span class='ocr_line' id='line_1_6' title="bbox 130 1047 1302 1136; baseline 0.006 -25"><span class='ocrx_word' id='word_1_29' title='bbox 130 1047 269 1135; x_wconf 85' lang='lat' dir='ltr'><strong>digneris</strong></span> <span class='ocrx_word' id='word_1_30' title='bbox 284 1047 370 1113; x_wconf 91' lang='lat' dir='ltr'><strong>hunc</strong></span> <span class='ocrx_word' id='word_1_31' title='bbox 384 1047 537 1112; x_wconf 85' lang='lat' dir='ltr'><strong>famulum</strong></span> <span class='ocrx_word' id='word_1_32' title='bbox 558 1061 649 1112; x_wconf 91' lang='lat' dir='ltr'><strong>tuum</strong></span> <span class='ocrx_word' id='word_1_33' title='bbox 664 1048 727 1136; x_wconf 88' lang='lat' dir='ltr'><strong>(vel</strong></span> <span class='ocrx_word' id='word_1_34' title='bbox 741 1048 798 1113; x_wconf 93' lang='lat' dir='ltr'><strong>hos</strong></span> <span class='ocrx_word' id='word_1_35' title='bbox 812 1047 944 1113; x_wconf 87' lang='lat' dir='ltr'><strong>famulos</strong></span> <span class='ocrx_word' id='word_1_36' title='bbox 960 1047 1047 1132; x_wconf 89' lang='lat' dir='ltr'><strong>tuos)</strong></span> <span class='ocrx_word' id='word_1_37' title='bbox 1064 1049 1117 1112; x_wconf 94' lang='lat' dir='ltr'><strong>Ill.</strong></span> <span class='ocrx_word' id='word_1_38' title='bbox 1135 1053 1302 1119; x_wconf 86' lang='lat' dir='ltr'><strong>ostiarium</strong></span> 
     </span>
     <span class='ocr_line' id='line_1_7' title="bbox 131 1151 1305 1244; baseline 0.005 -27"><span class='ocrx_word' id='word_1_39' title='bbox 131 1151 194 1238; x_wconf 92' lang='grc' dir='ltr'><strong>(υεί</strong></span> <span class='ocrx_word' id='word_1_40' title='bbox 217 1151 383 1237; x_wconf 89' lang='lat' dir='ltr'><strong>ostiarios),</strong></span> <span class='ocrx_word' id='word_1_41' title='bbox 410 1162 446 1215; x_wconf 90' lang='lat' dir='ltr'><strong>ut</strong></span> <span class='ocrx_word' id='word_1_42' title='bbox 472 1151 555 1216; x_wconf 89' lang='lat' dir='ltr'><strong>inter</strong></span> <span class='ocrx_word' id='word_1_43' title='bbox 579 1151 731 1237; x_wconf 85' lang='lat' dir='ltr'><strong>janitores</strong></span> <span class='ocrx_word' id='word_1_44' title='bbox 756 1152 898 1217; x_wconf 85' lang='lat' dir='ltr'><strong>aecclesiae</strong></span> <span class='ocrx_word' id='word_1_45' title='bbox 927 1163 1033 1238; x_wconf 90' lang='lat' dir='ltr'><strong>pareat</strong></span> <span class='ocrx_word' id='word_1_46' title='bbox 1062 1152 1132 1238; x_wconf 93' lang='grc' dir='ltr'><strong>(υεί</strong></span> <span class='ocrx_word' id='word_1_47' title='bbox 1155 1158 1305 1244; x_wconf 87' lang='lat' dir='ltr'><strong>pareant)</strong></span> 
     </span>
    </p>
   </div>
   <div class='ocr_carea' id='block_1_4' title="bbox 131 1254 1302 1425">
    <p class='ocr_par' dir='ltr' id='par_1_4' title="bbox 131 1254 1302 1425">
     <span class='ocr_line' id='line_1_8' title="bbox 131 1254 1302 1344; baseline 0.003 -24"><span class='ocrx_word' id='word_1_48' title='bbox 131 1256 289 1344; x_wconf 65' lang='lat' dir='ltr'><strong>omcquio,</strong></span> <span class='ocrx_word' id='word_1_49' title='bbox 305 1269 337 1322; x_wconf 89' lang='lat' dir='ltr'><strong>et</strong></span> <span class='ocrx_word' id='word_1_50' title='bbox 351 1255 434 1321; x_wconf 84' lang='lat' dir='ltr'><strong>inter</strong></span> <span class='ocrx_word' id='word_1_51' title='bbox 449 1255 563 1319; x_wconf 86' lang='lat' dir='ltr'><strong>electos</strong></span> <span class='ocrx_word' id='word_1_52' title='bbox 577 1267 647 1318; x_wconf 89' lang='lat' dir='ltr'><strong>tuos</strong></span> <span class='ocrx_word' id='word_1_53' title='bbox 667 1268 788 1342; x_wconf 90' lang='lat' dir='ltr'><strong>partem</strong></span> <span class='ocrx_word' id='word_1_54' title='bbox 811 1268 874 1320; x_wconf 88' lang='lat' dir='ltr'><strong>tuae</strong></span> <span class='ocrx_word' id='word_1_55' title='bbox 897 1264 1053 1319; x_wconf 87' lang='lat' dir='ltr'><strong>mereatur</strong></span> <span class='ocrx_word' id='word_1_56' title='bbox 1072 1254 1195 1324; x_wconf 87' lang='lat' dir='ltr'><strong>habere</strong></span> <span class='ocrx_word' id='word_1_57' title='bbox 1221 1283 1302 1329; x_wconf 77' lang='lat' dir='ltr'><strong>mer-</strong></span> 
     </span>
     <span class='ocr_line' id='line_1_9' title="bbox 132 1360 335 1425; baseline -0.015 0"><span class='ocrx_word' id='word_1_58' title='bbox 132 1360 225 1425; x_wconf 87' lang='lat' dir='ltr'><strong>codis.</strong></span> <span class='ocrx_word' id='word_1_59' title='bbox 265 1360 335 1425; x_wconf 87' lang='lat' dir='ltr'><strong>Per.</strong></span> 
     </span>
    </p>
   </div>
   <div class='ocr_carea' id='block_1_5' title="bbox 507 1563 921 1633">
    <p class='ocr_par' dir='ltr' id='par_1_5' title="bbox 507 1563 921 1633">
     <span class='ocr_line' id='line_1_10' title="bbox 507 1563 921 1633; baseline 0.007 -6"><span class='ocrx_word' id='word_1_60' title='bbox 507 1563 714 1631; x_wconf 74' lang='lat' dir='ltr'><strong>Onnmnrro</strong></span> <span class='ocrx_word' id='word_1_61' title='bbox 732 1567 921 1633; x_wconf 83' lang='lat' dir='ltr'><strong>Lucronrs.</strong></span> 
     </span>
    </p>
   </div>
   <div class='ocr_carea' id='block_1_6' title="bbox 131 1735 1299 2133">
    <p class='ocr_par' dir='ltr' id='par_1_6' title="bbox 131 1735 1299 2133">
     <span class='ocr_line' id='line_1_11' title="bbox 175 1735 1299 1829; baseline 0.008 -29"><span class='ocrx_word' id='word_1_62' title='bbox 175 1735 285 1802; x_wconf 81' lang='lat' dir='ltr'><strong>Lector</strong></span> <span class='ocrx_word' id='word_1_63' title='bbox 304 1736 372 1823; x_wconf 80' lang='lat' dir='ltr'><strong>(vel</strong></span> <span class='ocrx_word' id='word_1_64' title='bbox 393 1736 529 1823; x_wconf 82' lang='lat' dir='ltr'><strong>lectores)</strong></span> <span class='ocrx_word' id='word_1_65' title='bbox 549 1760 618 1801; x_wconf 84' lang='lat' dir='ltr'><strong>cum</strong></span> <span class='ocrx_word' id='word_1_66' title='bbox 633 1740 798 1803; x_wconf 79' lang='lat' dir='ltr'><strong>ordinetur</strong></span> <span class='ocrx_word' id='word_1_67' title='bbox 819 1738 886 1825; x_wconf 88' lang='lat' dir='ltr'><strong>(vel</strong></span> <span class='ocrx_word' id='word_1_68' title='bbox 906 1737 1118 1826; x_wconf 77' lang='lat' dir='ltr'><strong>ordinentur),</strong></span> <span class='ocrx_word' id='word_1_69' title='bbox 1131 1741 1243 1829; x_wconf 83' lang='lat' dir='ltr'><strong>faciet</strong></span> <span class='ocrx_word' id='word_1_70' title='bbox 1262 1746 1299 1808; x_wconf 86' lang='lat' dir='ltr'><strong>de</strong></span> 
     </span>
     <span class='ocr_line' id='line_1_12' title="bbox 131 1829 1299 1932; baseline 0.007 -29"><span class='ocrx_word' id='word_1_71' title='bbox 131 1839 186 1904; x_wconf 83' lang='lat' dir='ltr'><strong>illo</strong></span> <span class='ocrx_word' id='word_1_72' title='bbox 216 1841 283 1928; x_wconf 88' lang='lat' dir='ltr'><strong>(vel</strong></span> <span class='ocrx_word' id='word_1_73' title='bbox 306 1840 386 1926; x_wconf 77' lang='lat' dir='ltr'><strong>itt)</strong></span> <span class='ocrx_word' id='word_1_74' title='bbox 407 1829 539 1904; x_wconf 75' lang='lat' dir='ltr'><strong>&#39;vertum</strong></span> <span class='ocrx_word' id='word_1_75' title='bbox 569 1842 724 1928; x_wconf 67' lang='lat' dir='ltr'><strong>eptacopca</strong></span> <span class='ocrx_word' id='word_1_76' title='bbox 755 1845 798 1905; x_wconf 89' lang='lat' dir='ltr'><strong>ad</strong></span> <span class='ocrx_word' id='word_1_77' title='bbox 821 1842 952 1928; x_wconf 81' lang='lat' dir='ltr'><strong>plebem,</strong></span> <span class='ocrx_word' id='word_1_78' title='bbox 975 1840 1116 1909; x_wconf 69' lang='lat' dir='ltr'><strong>tattone</strong></span> <span class='ocrx_word' id='word_1_79' title='bbox 1136 1846 1206 1931; x_wconf 81' lang='lat' dir='ltr'><strong>ejua</strong></span> <span class='ocrx_word' id='word_1_80' title='bbox 1229 1847 1299 1932; x_wconf 86' lang='lat' dir='ltr'><strong>(vel</strong></span> 
     </span>
     <span class='ocr_line' id='line_1_13' title="bbox 131 1944 1298 2033; baseline 0.007 -27"><span class='ocrx_word' id='word_1_81' title='bbox 131 1944 253 2029; x_wconf 71' lang='lat' dir='ltr'><strong>eonem)</strong></span> <span class='ocrx_word' id='word_1_82' title='bbox 274 1945 374 2031; x_wconf 77' lang='lat' dir='ltr'><strong>fidem</strong></span> <span class='ocrx_word' id='word_1_83' title='bbox 400 1966 435 2007; x_wconf 90' lang='lat' dir='ltr'><strong>oc</strong></span> <span class='ocrx_word' id='word_1_84' title='bbox 461 1944 557 2006; x_wconf 85' lang='lat' dir='ltr'><strong>vitum</strong></span> <span class='ocrx_word' id='word_1_85' title='bbox 579 1955 669 2029; x_wconf 81' lang='lat' dir='ltr'><strong>etque</strong></span> <span class='ocrx_word' id='word_1_86' title='bbox 690 1946 854 2030; x_wconf 71' lang='lat' dir='ltr'><strong>inpertiam.</strong></span> <span class='ocrx_word' id='word_1_87' title='bbox 907 1945 984 2009; x_wconf 88' lang='lat' dir='ltr'><strong>Poat</strong></span> <span class='ocrx_word' id='word_1_88' title='bbox 1011 1944 1084 2024; x_wconf 76' lang='lat' dir='ltr'><strong>lec,</strong></span> <span class='ocrx_word' id='word_1_89' title='bbox 1115 1961 1298 2033; x_wconf 81' lang='lat' dir='ltr'><strong>ecpectonte</strong></span> 
     </span>
     <span class='ocr_line' id='line_1_14' title="bbox 131 2046 1168 2133; baseline 0.005 -24"><span class='ocrx_word' id='word_1_90' title='bbox 131 2046 227 2127; x_wconf 81' lang='lat' dir='ltr'><em>plebe,</em></span> <span class='ocrx_word' id='word_1_91' title='bbox 245 2049 351 2110; x_wconf 78' lang='lat' dir='ltr'><strong>tradat</strong></span> <span class='ocrx_word' id='word_1_92' title='bbox 365 2048 393 2111; x_wconf 83' lang='lat' dir='ltr'><strong>ei</strong></span> <span class='ocrx_word' id='word_1_93' title='bbox 407 2047 474 2133; x_wconf 87' lang='lat' dir='ltr'><strong>(vel</strong></span> <span class='ocrx_word' id='word_1_94' title='bbox 489 2046 547 2131; x_wconf 80' lang='lat' dir='ltr'><strong>eia)</strong></span> <span class='ocrx_word' id='word_1_95' title='bbox 561 2049 690 2111; x_wconf 81' lang='lat' dir='ltr'><em>codicem</em></span> <span class='ocrx_word' id='word_1_96' title='bbox 705 2049 816 2133; x_wconf 82' lang='lat' dir='ltr'><strong>dequo</strong></span> <span class='ocrx_word' id='word_1_97' title='bbox 832 2048 961 2112; x_wconf 67' lang='lat' dir='ltr'><strong>ecana</strong></span> <span class='ocrx_word' id='word_1_98' title='bbox 975 2058 1028 2127; x_wconf 83' lang='lat' dir='ltr'><strong>eet,</strong></span> <span class='ocrx_word' id='word_1_99' title='bbox 1044 2049 1168 2114; x_wconf 61' lang='lat' dir='ltr'><strong>dicea-</strong></span> 
     </span>
    </p>
   </div>
   <div class='ocr_carea' id='block_1_7' title="bbox 128 2183 1298 2989">
    <p class='ocr_par' dir='ltr' id='par_1_7' title="bbox 128 2183 1298 2989">
     <span class='ocr_line' id='line_1_15' title="bbox 175 2183 1297 2273; baseline 0.005 -26"><span class='ocrx_word' id='word_1_100' title='bbox 175 2184 295 2273; x_wconf 87' lang='lat' dir='ltr'><em>Accipe</em></span> <span class='ocrx_word' id='word_1_101' title='bbox 309 2184 373 2272; x_wconf 88' lang='lat' dir='ltr'><strong>(oel</strong></span> <span class='ocrx_word' id='word_1_102' title='bbox 389 2184 537 2272; x_wconf 88' lang='lat' dir='ltr'><strong>accipite)</strong></span> <span class='ocrx_word' id='word_1_103' title='bbox 557 2197 590 2249; x_wconf 89' lang='lat' dir='ltr'><strong>et</strong></span> <span class='ocrx_word' id='word_1_104' title='bbox 611 2196 676 2248; x_wconf 91' lang='lat' dir='ltr'><strong>esto</strong></span> <span class='ocrx_word' id='word_1_105' title='bbox 691 2184 754 2270; x_wconf 86' lang='lat' dir='ltr'><strong>(cel</strong></span> <span class='ocrx_word' id='word_1_106' title='bbox 768 2183 881 2269; x_wconf 84' lang='lat' dir='ltr'><strong>estote)</strong></span> <span class='ocrx_word' id='word_1_107' title='bbox 895 2183 983 2249; x_wconf 84' lang='lat' dir='ltr'><strong>verbi</strong></span> <span class='ocrx_word' id='word_1_108' title='bbox 1000 2183 1060 2249; x_wconf 90' lang='lat' dir='ltr'><strong>Dei</strong></span> <span class='ocrx_word' id='word_1_109' title='bbox 1074 2184 1191 2249; x_wconf 82' lang='lat' dir='ltr'>relator</span> <span class='ocrx_word' id='word_1_110' title='bbox 1206 2186 1297 2253; x_wconf 89' lang='lat' dir='ltr'><strong>habi·</strong></span> 
     </span>
     <span class='ocr_line' id='line_1_16' title="bbox 130 2286 1296 2378; baseline 0.004 -27"><span class='ocrx_word' id='word_1_111' title='bbox 130 2298 218 2352; x_wconf 91' lang='lat' dir='ltr'><strong>turus</strong></span> <span class='ocrx_word' id='word_1_112' title='bbox 235 2290 299 2377; x_wconf 92' lang='grc' dir='ltr'><strong>(υεί</strong></span> <span class='ocrx_word' id='word_1_113' title='bbox 322 2288 487 2374; x_wconf 90' lang='lat' dir='ltr'><strong>habituri),</strong></span> <span class='ocrx_word' id='word_1_114' title='bbox 503 2289 530 2352; x_wconf 93' lang='lat' dir='ltr'><strong>si</strong></span> <span class='ocrx_word' id='word_1_115' title='bbox 547 2288 683 2352; x_wconf 88' lang='lat' dir='ltr'><strong>fideliter</strong></span> <span class='ocrx_word' id='word_1_116' title='bbox 703 2300 734 2351; x_wconf 89' lang='lat' dir='ltr'><strong>et</strong></span> <span class='ocrx_word' id='word_1_117' title='bbox 757 2287 878 2352; x_wconf 82' lang='lat' dir='ltr'><strong>utiliter</strong></span> <span class='ocrx_word' id='word_1_118' title='bbox 898 2286 1077 2374; x_wconf 81' lang='lat' dir='ltr'><strong>impleveris</strong></span> <span class='ocrx_word' id='word_1_119' title='bbox 1095 2287 1160 2374; x_wconf 91' lang='grc' dir='ltr'><strong>(υεί</strong></span> <span class='ocrx_word' id='word_1_120' title='bbox 1181 2290 1296 2378; x_wconf 89' lang='lat' dir='ltr'><strong>imple·</strong></span> 
     </span>
     <span class='ocr_line' id='line_1_17' title="bbox 128 2388 1295 2480; baseline 0.003 -26"><span class='ocrx_word' id='word_1_121' title='bbox 128 2391 252 2478; x_wconf 88' lang='lat' dir='ltr'><strong>veritis)</strong></span> <span class='ocrx_word' id='word_1_122' title='bbox 266 2392 404 2458; x_wconf 91' lang='lat' dir='ltr'><strong>officium</strong></span> <span class='ocrx_word' id='word_1_123' title='bbox 420 2404 523 2467; x_wconf 87' lang='lat' dir='ltr'><strong>tuum,</strong></span> <span class='ocrx_word' id='word_1_124' title='bbox 539 2389 668 2453; x_wconf 89' lang='lat' dir='ltr'><strong>habebis</strong></span> <span class='ocrx_word' id='word_1_125' title='bbox 682 2388 745 2473; x_wconf 91' lang='grc' dir='ltr'><strong>(υεί</strong></span> <span class='ocrx_word' id='word_1_126' title='bbox 759 2388 930 2475; x_wconf 80' lang='lat' dir='ltr'><strong>habebitis)</strong></span> <span class='ocrx_word' id='word_1_127' title='bbox 944 2401 1065 2477; x_wconf 89' lang='lat' dir='ltr'><strong>partem</strong></span> <span class='ocrx_word' id='word_1_128' title='bbox 1080 2414 1153 2454; x_wconf 91' lang='lat' dir='ltr'><strong>cum</strong></span> <span class='ocrx_word' id='word_1_129' title='bbox 1168 2391 1221 2457; x_wconf 92' lang='lat' dir='ltr'><strong>his</strong></span> <span class='ocrx_word' id='word_1_130' title='bbox 1236 2395 1295 2480; x_wconf 90' lang='lat' dir='ltr'><strong>qui</strong></span> 
     </span>
     <span class='ocr_line' id='line_1_18' title="bbox 128 2490 1298 2583; baseline 0.004 -27"><span class='ocrx_word' id='word_1_131' title='bbox 128 2494 261 2558; x_wconf 88' lang='lat' dir='ltr'><strong>verbum</strong></span> <span class='ocrx_word' id='word_1_132' title='bbox 277 2493 338 2558; x_wconf 92' lang='lat' dir='ltr'><strong>Dei</strong></span> <span class='ocrx_word' id='word_1_133' title='bbox 357 2492 614 2557; x_wconf 80' lang='lat' dir='ltr'><strong>ministraverint.</strong></span> <span class='ocrx_word' id='word_1_134' title='bbox 661 2490 796 2578; x_wconf 86' lang='lat' dir='ltr'><strong>Eligunt</strong></span> <span class='ocrx_word' id='word_1_135' title='bbox 811 2502 842 2555; x_wconf 86' lang='lat' dir='ltr'><strong>te</strong></span> <span class='ocrx_word' id='word_1_136' title='bbox 865 2492 929 2578; x_wconf 92' lang='grc' dir='ltr'><strong>(υεί</strong></span> <span class='ocrx_word' id='word_1_137' title='bbox 942 2492 1013 2578; x_wconf 87' lang='lat' dir='ltr'><strong>vos)</strong></span> <span class='ocrx_word' id='word_1_138' title='bbox 1032 2493 1140 2558; x_wconf 78' lang='lat' dir='ltr'><strong>fratres</strong></span> <span class='ocrx_word' id='word_1_139' title='bbox 1160 2494 1211 2558; x_wconf 86' lang='lat' dir='ltr'><strong>tui</strong></span> <span class='ocrx_word' id='word_1_140' title='bbox 1231 2496 1298 2583; x_wconf 91' lang='grc' dir='ltr'><strong>(υεί</strong></span> 
     </span>
     <span class='ocr_line' id='line_1_19' title="bbox 129 2584 1297 2682; baseline 0.004 -22"><span class='ocrx_word' id='word_1_141' title='bbox 129 2597 250 2682; x_wconf 88' lang='lat' dir='ltr'><strong>vestri),</strong></span> <span class='ocrx_word' id='word_1_142' title='bbox 267 2610 304 2662; x_wconf 91' lang='lat' dir='ltr'><strong>ut</strong></span> <span class='ocrx_word' id='word_1_143' title='bbox 319 2595 360 2661; x_wconf 88' lang='lat' dir='ltr'><strong>sis</strong></span> <span class='ocrx_word' id='word_1_144' title='bbox 374 2596 438 2682; x_wconf 90' lang='grc' dir='ltr'><strong>(υεί</strong></span> <span class='ocrx_word' id='word_1_145' title='bbox 451 2595 534 2681; x_wconf 90' lang='lat' dir='ltr'><strong>sitis)</strong></span> <span class='ocrx_word' id='word_1_146' title='bbox 548 2596 646 2660; x_wconf 92' lang='lat' dir='ltr'><strong>lector</strong></span> <span class='ocrx_word' id='word_1_147' title='bbox 660 2593 725 2681; x_wconf 88' lang='grc' dir='ltr'><strong>(υεί</strong></span> <span class='ocrx_word' id='word_1_148' title='bbox 744 2594 889 2681; x_wconf 88' lang='lat' dir='ltr'><strong>lectores)</strong></span> <span class='ocrx_word' id='word_1_149' title='bbox 910 2596 945 2660; x_wconf 92' lang='lat' dir='ltr'><strong>in</strong></span> <span class='ocrx_word' id='word_1_150' title='bbox 965 2584 1060 2661; x_wconf 85' lang='lat' dir='ltr'><strong>domo</strong></span> <span class='ocrx_word' id='word_1_151' title='bbox 1080 2595 1141 2660; x_wconf 87' lang='lat' dir='ltr'><strong>Dei</strong></span> <span class='ocrx_word' id='word_1_152' title='bbox 1160 2597 1211 2660; x_wconf 92' lang='lat' dir='ltr'><strong>tui</strong></span> <span class='ocrx_word' id='word_1_153' title='bbox 1230 2599 1297 2681; x_wconf 92' lang='grc' dir='ltr'><strong>(υεί</strong></span> 
     </span>
     <span class='ocr_line' id='line_1_20' title="bbox 128 2697 1296 2787; baseline 0.005 -24"><span class='ocrx_word' id='word_1_154' title='bbox 128 2699 250 2786; x_wconf 87' lang='lat' dir='ltr'><strong>vestri),</strong></span> <span class='ocrx_word' id='word_1_155' title='bbox 266 2713 298 2766; x_wconf 91' lang='lat' dir='ltr'><strong>et</strong></span> <span class='ocrx_word' id='word_1_156' title='bbox 313 2721 460 2786; x_wconf 85' lang='lat' dir='ltr'><strong>agnoscas</strong></span> <span class='ocrx_word' id='word_1_157' title='bbox 475 2698 538 2784; x_wconf 92' lang='grc' dir='ltr'><strong>(υεί</strong></span> <span class='ocrx_word' id='word_1_158' title='bbox 552 2698 742 2786; x_wconf 81' lang='lat' dir='ltr'><strong>agnoscatis)</strong></span> <span class='ocrx_word' id='word_1_159' title='bbox 754 2697 892 2762; x_wconf 89' lang='lat' dir='ltr'><strong>officium</strong></span> <span class='ocrx_word' id='word_1_160' title='bbox 904 2711 996 2763; x_wconf 91' lang='lat' dir='ltr'><strong>tuum</strong></span> <span class='ocrx_word' id='word_1_161' title='bbox 1006 2700 1070 2780; x_wconf 91' lang='grc' dir='ltr'><strong>(υεί</strong></span> <span class='ocrx_word' id='word_1_162' title='bbox 1083 2700 1251 2787; x_wconf 88' lang='lat' dir='ltr'><strong>vestrum),</strong></span> <span class='ocrx_word' id='word_1_163' title='bbox 1261 2716 1296 2769; x_wconf 90' lang='lat' dir='ltr'><strong>et</strong></span> 
     </span>
     <span class='ocr_line' id='line_1_21' title="bbox 128 2800 1295 2893; baseline 0.006 -28"><span class='ocrx_word' id='word_1_164' title='bbox 128 2802 258 2887; x_wconf 84' lang='lat' dir='ltr'><strong>impleas</strong></span> <span class='ocrx_word' id='word_1_165' title='bbox 281 2802 344 2885; x_wconf 91' lang='grc' dir='ltr'><strong>(υεί</strong></span> <span class='ocrx_word' id='word_1_166' title='bbox 363 2800 536 2886; x_wconf 85' lang='lat' dir='ltr'><strong>impleatis)</strong></span> <span class='ocrx_word' id='word_1_167' title='bbox 551 2800 640 2863; x_wconf 92' lang='lat' dir='ltr'><strong>illud.</strong></span> <span class='ocrx_word' id='word_1_168' title='bbox 688 2801 802 2865; x_wconf 88' lang='lat' dir='ltr'><strong>Potens</strong></span> <span class='ocrx_word' id='word_1_169' title='bbox 829 2815 875 2865; x_wconf 92' lang='lat' dir='ltr'><strong>est</strong></span> <span class='ocrx_word' id='word_1_170' title='bbox 898 2800 983 2864; x_wconf 91' lang='lat' dir='ltr'><strong>enim</strong></span> <span class='ocrx_word' id='word_1_171' title='bbox 1009 2802 1104 2881; x_wconf 93' lang='lat' dir='ltr'><strong>Deus,</strong></span> <span class='ocrx_word' id='word_1_172' title='bbox 1125 2814 1161 2866; x_wconf 91' lang='lat' dir='ltr'><strong>ut</strong></span> <span class='ocrx_word' id='word_1_173' title='bbox 1176 2819 1295 2893; x_wconf 85' lang='lat' dir='ltr'><strong>augeat</strong></span> 
     </span>
     <span class='ocr_line' id='line_1_22' title="bbox 128 2899 541 2989; baseline -0.012 -21"><span class='ocrx_word' id='word_1_174' title='bbox 128 2904 189 2969; x_wconf 90' lang='lat' dir='ltr'><strong>tibi</strong></span> <span class='ocrx_word' id='word_1_175' title='bbox 204 2903 267 2983; x_wconf 88' lang='grc' dir='ltr'><strong>(υεί</strong></span> <span class='ocrx_word' id='word_1_176' title='bbox 277 2902 382 2987; x_wconf 89' lang='lat' dir='ltr'><strong>vobis)</strong></span> <span class='ocrx_word' id='word_1_177' title='bbox 397 2899 541 2989; x_wconf 84' lang='lat' dir='ltr'><strong>gratiam.</strong></span> 
     </span>
    </p>
   </div>
   <div class='ocr_carea' id='block_1_8' title="bbox 543 3073 883 3142">
    <p class='ocr_par' dir='ltr' id='par_1_8' title="bbox 543 3073 883 3142">
     <span class='ocr_line' id='line_1_23' title="bbox 543 3073 883 3142; baseline 0.012 -6"><span class='ocrx_word' id='word_1_178' title='bbox 543 3073 721 3141; x_wconf 77' lang='lat' dir='ltr'><strong>Benedictio</strong></span> <span class='ocrx_word' id='word_1_179' title='bbox 736 3078 883 3142; x_wconf 76' lang='lat' dir='ltr'><strong>Leotoeia</strong></span> 
     </span>
    </p>
   </div>
   <div class='ocr_carea' id='block_1_9' title="bbox 127 3206 1294 3817">
    <p class='ocr_par' dir='ltr' id='par_1_9' title="bbox 127 3206 1294 3817">
     <span class='ocr_line' id='line_1_24' title="bbox 174 3206 1292 3304; baseline 0.007 -29"><span class='ocrx_word' id='word_1_180' title='bbox 174 3210 316 3288; x_wconf 88' lang='lat' dir='ltr'><strong>Orcmus,</strong></span> <span class='ocrx_word' id='word_1_181' title='bbox 341 3206 546 3287; x_wconf 86' lang='lat' dir='ltr'><strong>dilectissimi,</strong></span> <span class='ocrx_word' id='word_1_182' title='bbox 569 3209 673 3274; x_wconf 90' lang='lat' dir='ltr'><strong>Deum</strong></span> <span class='ocrx_word' id='word_1_183' title='bbox 697 3213 821 3278; x_wconf 90' lang='lat' dir='ltr'><strong>Patrem</strong></span> <span class='ocrx_word' id='word_1_184' title='bbox 849 3213 1118 3302; x_wconf 86' lang='lat' dir='ltr'><strong>Omnipotentcm,</strong></span> <span class='ocrx_word' id='word_1_185' title='bbox 1139 3228 1176 3281; x_wconf 90' lang='lat' dir='ltr'><strong>ut</strong></span> <span class='ocrx_word' id='word_1_186' title='bbox 1196 3240 1292 3304; x_wconf 91' lang='lat' dir='ltr'><strong>super</strong></span> 
     </span>
     <span class='ocr_line' id='line_1_25' title="bbox 128 3311 1291 3406; baseline 0.009 -30"><span class='ocrx_word' id='word_1_187' title='bbox 128 3312 215 3377; x_wconf 92' lang='lat' dir='ltr'><strong>hunc</strong></span> <span class='ocrx_word' id='word_1_188' title='bbox 229 3311 383 3376; x_wconf 89' lang='lat' dir='ltr'><strong>famulum</strong></span> <span class='ocrx_word' id='word_1_189' title='bbox 397 3324 489 3376; x_wconf 88' lang='lat' dir='ltr'><strong>tuum</strong></span> <span class='ocrx_word' id='word_1_190' title='bbox 504 3311 567 3397; x_wconf 92' lang='grc' dir='ltr'><strong>(υεί</strong></span> <span class='ocrx_word' id='word_1_191' title='bbox 580 3312 637 3376; x_wconf 85' lang='lat' dir='ltr'><strong>hos</strong></span> <span class='ocrx_word' id='word_1_192' title='bbox 653 3313 784 3381; x_wconf 89' lang='lat' dir='ltr'><strong>famulos</strong></span> <span class='ocrx_word' id='word_1_193' title='bbox 799 3316 885 3401; x_wconf 89' lang='lat' dir='ltr'><strong>tuos)</strong></span> <span class='ocrx_word' id='word_1_194' title='bbox 902 3318 954 3396; x_wconf 90' lang='lat' dir='ltr'><strong>N.‚</strong></span> <span class='ocrx_word' id='word_1_195' title='bbox 965 3343 1059 3404; x_wconf 92' lang='lat' dir='ltr'><strong>quem</strong></span> <span class='ocrx_word' id='word_1_196' title='bbox 1074 3319 1138 3405; x_wconf 91' lang='grc' dir='ltr'><strong>(υεί</strong></span> <span class='ocrx_word' id='word_1_197' title='bbox 1146 3319 1240 3406; x_wconf 94' lang='lat' dir='ltr'><strong>quos)</strong></span> <span class='ocrx_word' id='word_1_198' title='bbox 1255 3321 1291 3389; x_wconf 92' lang='lat' dir='ltr'><strong>in</strong></span> 
     </span>
     <span class='ocr_line' id='line_1_26' title="bbox 129 3415 1291 3504; baseline 0.009 -23"><span class='ocrx_word' id='word_1_199' title='bbox 129 3417 271 3481; x_wconf 86' lang='lat' dir='ltr'><strong>ordinem</strong></span> <span class='ocrx_word' id='word_1_200' title='bbox 301 3415 531 3502; x_wconf 87' lang='lat' dir='ltr'><strong>psalmistarum</strong></span> <span class='ocrx_word' id='word_1_201' title='bbox 558 3416 624 3480; x_wconf 87' lang='lat' dir='ltr'><strong>sive</strong></span> <span class='ocrx_word' id='word_1_202' title='bbox 649 3417 801 3485; x_wconf 91' lang='lat' dir='ltr'><strong>lectorum</strong></span> <span class='ocrx_word' id='word_1_203' title='bbox 829 3418 979 3504; x_wconf 84' lang='lat' dir='ltr'><strong>dignatur</strong></span> <span class='ocrx_word' id='word_1_204' title='bbox 1005 3445 1169 3500; x_wconf 85' lang='lat' dir='ltr'><strong>assumere,</strong></span> <span class='ocrx_word' id='word_1_205' title='bbox 1196 3424 1291 3491; x_wconf 88' lang='lat' dir='ltr'><strong>bene·</strong></span> 
     </span>
     <span class='ocr_line' id='line_1_27' title="bbox 128 3519 1294 3613; baseline 0.008 -30"><span class='ocrx_word' id='word_1_206' title='bbox 128 3520 298 3586; x_wconf 89' lang='lat' dir='ltr'><strong>dictionem</strong></span> <span class='ocrx_word' id='word_1_207' title='bbox 313 3543 400 3584; x_wconf 88' lang='lat' dir='ltr'><strong>suam</strong></span> <span class='ocrx_word' id='word_1_208' title='bbox 412 3520 580 3585; x_wconf 87' lang='lat' dir='ltr'><strong>clementer</strong></span> <span class='ocrx_word' id='word_1_209' title='bbox 595 3519 745 3587; x_wconf 87' lang='lat' dir='ltr'><strong>effundat.</strong></span> <span class='ocrx_word' id='word_1_210' title='bbox 793 3522 953 3601; x_wconf 84' lang='lat' dir='ltr'><strong>Quatenus</strong></span> <span class='ocrx_word' id='word_1_211' title='bbox 968 3523 1113 3588; x_wconf 87' lang='lat' dir='ltr'><strong>distincte</strong></span> <span class='ocrx_word' id='word_1_212' title='bbox 1128 3523 1214 3611; x_wconf 85' lang='lat' dir='ltr'><strong>legat</strong></span> <span class='ocrx_word' id='word_1_213' title='bbox 1227 3527 1294 3613; x_wconf 92' lang='grc' dir='ltr'><strong>(υεί</strong></span> 
     </span>
     <span class='ocr_line' id='line_1_28' title="bbox 129 3622 1292 3715; baseline 0.007 -28"><span class='ocrx_word' id='word_1_214' title='bbox 129 3623 251 3714; x_wconf 87' lang='lat' dir='ltr'><strong>legant)</strong></span> <span class='ocrx_word' id='word_1_215' title='bbox 271 3648 339 3711; x_wconf 85' lang='lat' dir='ltr'><strong>quae</strong></span> <span class='ocrx_word' id='word_1_216' title='bbox 362 3623 397 3687; x_wconf 92' lang='lat' dir='ltr'><strong>in</strong></span> <span class='ocrx_word' id='word_1_217' title='bbox 417 3622 552 3690; x_wconf 86' lang='lat' dir='ltr'><strong>aecclesia</strong></span> <span class='ocrx_word' id='word_1_218' title='bbox 572 3624 705 3711; x_wconf 84' lang='lat' dir='ltr'><strong>legenda</strong></span> <span class='ocrx_word' id='word_1_219' title='bbox 727 3637 811 3701; x_wconf 87' lang='lat' dir='ltr'><strong>sunt,</strong></span> <span class='ocrx_word' id='word_1_220' title='bbox 828 3635 860 3687; x_wconf 92' lang='lat' dir='ltr'><strong>et</strong></span> <span class='ocrx_word' id='word_1_221' title='bbox 874 3625 983 3690; x_wconf 90' lang='lat' dir='ltr'><strong>eadem</strong></span> <span class='ocrx_word' id='word_1_222' title='bbox 1000 3627 1144 3713; x_wconf 89' lang='lat' dir='ltr'><strong>operibus</strong></span> <span class='ocrx_word' id='word_1_223' title='bbox 1158 3625 1292 3715; x_wconf 90' lang='lat' dir='ltr'><strong>impleat</strong></span> 
     </span>
     <span class='ocr_line' id='line_1_29' title="bbox 127 3727 490 3817; baseline -0.008 -25"><span class='ocrx_word' id='word_1_224' title='bbox 127 3727 191 3813; x_wconf 89' lang='grc' dir='ltr'><strong>(υεί</strong></span> <span class='ocrx_word' id='word_1_225' title='bbox 204 3727 381 3817; x_wconf 89' lang='lat' dir='ltr'><strong>impleant).</strong></span> <span class='ocrx_word' id='word_1_226' title='bbox 422 3727 490 3790; x_wconf 90' lang='lat' dir='ltr'><strong>Per.</strong></span> 
     </span>
    </p>
   </div>
   <div class='ocr_carea' id='block_1_10' title="bbox 619 3903 790 3966">
    <p class='ocr_par' dir='ltr' id='par_1_10' title="bbox 619 3903 790 3966">
     <span class='ocr_line' id='line_1_30' title="bbox 619 3903 790 3966; baseline -0.012 -1"><span class='ocrx_word' id='word_1_227' title='bbox 619 3903 701 3966; x_wconf 84' lang='lat' dir='ltr'><strong>Item</strong></span> <span class='ocrx_word' id='word_1_228' title='bbox 716 3903 790 3966; x_wconf 82' lang='lat' dir='ltr'><strong>olio.</strong></span> 
     </span>
    </p>
   </div>
   <div class='ocr_carea' id='block_1_11' title="bbox 127 4037 1289 4431">
    <p class='ocr_par' dir='ltr' id='par_1_11' title="bbox 127 4037 1289 4431">
     <span class='ocr_line' id='line_1_31' title="bbox 172 4037 1289 4125; baseline 0.006 -24"><span class='ocrx_word' id='word_1_229' title='bbox 172 4039 307 4102; x_wconf 90' lang='lat' dir='ltr'><strong>Domine</strong></span> <span class='ocrx_word' id='word_1_230' title='bbox 333 4037 455 4114; x_wconf 87' lang='lat' dir='ltr'><strong>Sancte,</strong></span> <span class='ocrx_word' id='word_1_231' title='bbox 483 4038 575 4101; x_wconf 88' lang='lat' dir='ltr'><strong>Pater</strong></span> <span class='ocrx_word' id='word_1_232' title='bbox 600 4037 819 4125; x_wconf 87' lang='lat' dir='ltr'><strong>Omnipotens,</strong></span> <span class='ocrx_word' id='word_1_233' title='bbox 843 4047 956 4100; x_wconf 87' lang='lat' dir='ltr'><strong>aeternc</strong></span> <span class='ocrx_word' id='word_1_234' title='bbox 984 4037 1079 4114; x_wconf 90' lang='lat' dir='ltr'><strong>Deus,</strong></span> <span class='ocrx_word' id='word_1_235' title='bbox 1104 4037 1289 4108; x_wconf 86' lang='lat' dir='ltr'><strong>benedicere</strong></span> 
     </span>
     <span class='ocr_line' id='line_1_32' title="bbox 128 4136 1288 4224; baseline 0.008 -25"><span class='ocrx_word' id='word_1_236' title='bbox 128 4136 264 4224; x_wconf 87' lang='lat' dir='ltr'><strong>digneris</strong></span> <span class='ocrx_word' id='word_1_237' title='bbox 285 4142 371 4204; x_wconf 91' lang='lat' dir='ltr'><strong>hunc</strong></span> <span class='ocrx_word' id='word_1_238' title='bbox 390 4139 542 4203; x_wconf 89' lang='lat' dir='ltr'><strong>famulum</strong></span> <span class='ocrx_word' id='word_1_239' title='bbox 566 4151 656 4201; x_wconf 89' lang='lat' dir='ltr'><strong>tuum</strong></span> <span class='ocrx_word' id='word_1_240' title='bbox 677 4140 741 4224; x_wconf 88' lang='lat' dir='ltr'><strong>(cel</strong></span> <span class='ocrx_word' id='word_1_241' title='bbox 762 4139 819 4203; x_wconf 89' lang='lat' dir='ltr'><strong>hos</strong></span> <span class='ocrx_word' id='word_1_242' title='bbox 834 4138 966 4201; x_wconf 86' lang='lat' dir='ltr'><strong>famulos</strong></span> <span class='ocrx_word' id='word_1_243' title='bbox 982 4138 1067 4223; x_wconf 90' lang='lat' dir='ltr'><strong>tuos)</strong></span> <span class='ocrx_word' id='word_1_244' title='bbox 1089 4139 1123 4201; x_wconf 91' lang='lat' dir='ltr'><strong>in</strong></span> <span class='ocrx_word' id='word_1_245' title='bbox 1147 4140 1288 4208; x_wconf 92' lang='lat' dir='ltr'><strong>officium</strong></span> 
     </span>
     <span class='ocr_line' id='line_1_33' title="bbox 127 4238 1287 4326; baseline 0.007 -25"><span class='ocrx_word' id='word_1_246' title='bbox 127 4238 250 4306; x_wconf 90' lang='lat' dir='ltr'><strong>lectoris</strong></span> <span class='ocrx_word' id='word_1_247' title='bbox 264 4244 328 4326; x_wconf 90' lang='grc' dir='ltr'><strong>(υεί</strong></span> <span class='ocrx_word' id='word_1_248' title='bbox 342 4241 520 4325; x_wconf 86' lang='lat' dir='ltr'><strong>lectorum),</strong></span> <span class='ocrx_word' id='word_1_249' title='bbox 536 4251 573 4302; x_wconf 89' lang='lat' dir='ltr'><strong>ut</strong></span> <span class='ocrx_word' id='word_1_250' title='bbox 587 4239 767 4304; x_wconf 87' lang='lat' dir='ltr'><strong>assiduitate</strong></span> <span class='ocrx_word' id='word_1_251' title='bbox 781 4239 952 4303; x_wconf 90' lang='lat' dir='ltr'><strong>lectionum</strong></span> <span class='ocrx_word' id='word_1_252' title='bbox 970 4240 1134 4304; x_wconf 88' lang='lat' dir='ltr'><strong>distinctus</strong></span> <span class='ocrx_word' id='word_1_253' title='bbox 1148 4242 1212 4326; x_wconf 90' lang='grc' dir='ltr'><strong>(υεί</strong></span> <span class='ocrx_word' id='word_1_254' title='bbox 1226 4246 1287 4310; x_wconf 90' lang='lat' dir='ltr'><strong>dis·</strong></span> 
     </span>
     <span class='ocr_line' id='line_1_34' title="bbox 127 4341 1289 4431; baseline 0.009 -29"><span class='ocrx_word' id='word_1_255' title='bbox 127 4341 236 4431; x_wconf 87' lang='lat' dir='ltr'><strong>tincti)</strong></span> <span class='ocrx_word' id='word_1_256' title='bbox 251 4359 344 4431; x_wconf 86' lang='lat' dir='ltr'><strong>atque</strong></span> <span class='ocrx_word' id='word_1_257' title='bbox 360 4357 486 4406; x_wconf 88' lang='lat' dir='ltr'><strong>ornatus</strong></span> <span class='ocrx_word' id='word_1_258' title='bbox 501 4343 564 4426; x_wconf 93' lang='grc' dir='ltr'><strong>(υεί</strong></span> <span class='ocrx_word' id='word_1_259' title='bbox 578 4343 706 4427; x_wconf 81' lang='lat' dir='ltr'><strong>ornati),</strong></span> <span class='ocrx_word' id='word_1_260' title='bbox 728 4356 760 4407; x_wconf 89' lang='lat' dir='ltr'><strong>et</strong></span> <span class='ocrx_word' id='word_1_261' title='bbox 783 4341 905 4427; x_wconf 84' lang='lat' dir='ltr'><strong>agenda</strong></span> <span class='ocrx_word' id='word_1_262' title='bbox 926 4341 1010 4405; x_wconf 90' lang='lat' dir='ltr'><strong>dicat</strong></span> <span class='ocrx_word' id='word_1_263' title='bbox 1028 4342 1092 4426; x_wconf 92' lang='grc' dir='ltr'><strong>(υεί</strong></span> <span class='ocrx_word' id='word_1_264' title='bbox 1105 4343 1239 4431; x_wconf 83' lang='lat' dir='ltr'><strong>dicant),</strong></span> <span class='ocrx_word' id='word_1_265' title='bbox 1256 4363 1289 4413; x_wconf 91' lang='lat' dir='ltr'><strong>et</strong></span> 
     </span>
    </p>
   </div>
   <div class='ocr_carea' id='block_1_12' title="bbox 0 0 1438 4934">
    <p class='ocr_par' dir='ltr' id='par_1_12' title="bbox 0 0 1438 4934">
     <span class='ocr_line' id='line_1_35' title="bbox 0 0 1438 4934; baseline 0 1"><span class='ocrx_word' id='word_1_266' title='bbox 0 0 1438 4934; x_wconf 95' lang='lat' dir='ltr'><strong> </strong></span> 
     </span>
    </p>
   </div>
  </div>
 </body>
</html>
