2866 4934
479 376 721 424 vorwercum:
737 375 955 421 Ecasuaflrr.

601 619 681 682 Alia
696 619 803 682 oratio.

172 736 354 804 Visibilium
367 750 398 801 et
411 738 616 803 invisibilium
632 763 735 802 rerum
752 747 878 812 creator,
890 733 988 811 Deua,
1002 734 1121 799 adesto
1130 735 1287 822 propitius,

128 857 162 907 ut
178 845 243 907 haec
258 841 444 906 indumenta
459 844 631 908 sanctitatis
646 843 782 929 effigiem
807 837 1017 915 ostendentia,
1037 838 1178 926 desuper
1196 839 1288 927 gratia

128 961 182 1012 tua
202 949 364 1035 irrigante,
381 948 614 1031 beneffldicere
630 959 662 1010 et
678 943 866 1010 sanctificare
881 940 987 1018 facias,
1010 964 1074 1027 per
1097 955 1132 1006 te
1155 943 1289 1008 Salvator

129 1051 256 1115 mundi:
282 1050 344 1131 Qui
359 1050 442 1113 vivis
457 1064 489 1114 et
503 1073 622 1136 regnas.

624 1189 648 1250 I
647 1199 704 1250 teni
720 1186 793 1248 alia.

176 1309 307 1386 ludina,
342 1331 516 1392 quaesumus
542 1307 690 1384 Domine,
717 1306 821 1370 oculos
847 1302 1020 1386 majestatis
1050 1317 1118 1367 tuae
1141 1305 1184 1368 ad
1203 1305 1289 1370 bene-

131 1411 296 1474 dicendam
320 1411 402 1474 hanc
427 1411 588 1475 viduitatis
612 1423 741 1487 vestem,
767 1422 802 1471 ut
831 1430 898 1492 quae
927 1405 1126 1472 inordinatis
1157 1409 1289 1472 vestibus

131 1514 260 1597 placuit,
277 1513 368 1576 sacris
384 1512 494 1576 induta
508 1513 720 1578 benedictioni
736 1526 797 1576 tuae
811 1510 924 1575 servire
939 1522 1114 1574 mereatur.
1164 1512 1234 1576 Per.

357 1684 433 1747 Post
447 1685 510 1748 lroec
524 1686 646 1772 inponis
663 1688 762 1749 viduae
774 1685 918 1772 pallium,
934 1693 963 1744 et
976 1683 1067 1744 dicia

177 1803 297 1890 Accipe
312 1804 415 1867 viduae
431 1804 573 1890 pallium,
590 1807 674 1892 quod
688 1807 821 1893 perferas
836 1805 901 1868 sine
916 1802 1040 1865 macula
1056 1817 1136 1869 ante
1157 1805 1292 1870 tribunal

132 1908 262 1971 Domini
285 1908 382 1972 nostri
398 1908 491 1972 ‹lesus
508 1909 635 1988 Christi,
657 1909 707 1972 cui
724 1909 822 1973 flectit
845 1931 937 1971 omne
957 1929 1045 1992 genu
1065 1909 1246 1974 coelestium
1265 1920 1294 1973 et

131 2012 322 2075 terrestrium
339 2024 370 2074 et
386 2010 594 2077 infernorum:
642 2013 704 2092 Qui
719 2013 808 2100 regit.

529 2187 706 2249 Benedictio
721 2187 894 2248 viduorum.

176 2306 271 2384 Deus,
285 2307 339 2391 qui
356 2306 484 2368 Annam
500 2305 598 2370 filiam
611 2306 779 2369 Phanuelis
789 2305 845 2367 vix
859 2327 914 2391 per
929 2325 1026 2365 annos
1043 2316 1169 2389 septem
1185 2307 1292 2371 sortita

127 2410 199 2492 jura
226 2411 378 2496 conjugii,
403 2410 448 2472 ita
474 2434 546 2473 oum
571 2411 660 2473 annis
685 2427 837 2472 Lxxxrv.
860 2407 893 2470 in
918 2419 1023 2470 sancta
1048 2419 1082 2470 et
1107 2409 1292 2474 intemerata

132 2512 273 2575 castitate
289 2512 427 2590 servasti,
444 2524 480 2574 ut
499 2514 644 2577 noctibus
662 2536 697 2576 ac
716 2512 825 2575 diebus
847 2510 1000 2574 orationes
1016 2509 1207 2598 jejuniaque
1222 2513 1292 2575 mis·

133 2616 284 2693 centibus,
310 2616 349 2680 ad
373 2615 544 2703 prophetiae
573 2615 718 2703 gratiam,
747 2617 804 2679 sub
833 2612 1071 2678 circumcisione
1099 2615 1220 2679 Christi
1246 2615 1292 2679 tui

128 2719 230 2802 justus
256 2732 469 2782 remunerator
495 2718 673 2795 adduceres,
698 2717 814 2802 quique
837 2717 982 2803 deinceps
1003 2741 1060 2803 per
1087 2719 1290 2803 apostolicam

133 2821 362 2886 institutionem
385 2833 561 2886 sanctarum
582 2820 677 2905 hujus
699 2819 817 2883 ordinis
843 2820 1029 2883 feminarum
1057 2843 1152 2885 sexus
1175 2822 1290 2887 adoles·

134 2925 272 2988 centulas
297 2925 438 3007 juniores
468 2923 633 3001 instruens,
665 2947 736 2986 cum
767 2923 865 2986 sancti
890 2921 1042 2986 crismatis
1071 2925 1291 2988 benedictione
1328 2972 1331 2979 .

134 3025 269 3102 visitare,
308 3027 455 3091 laudabili
495 3025 723 3111 dispensatione
768 3026 896 3090 voluisti
940 3027 1110 3112 suscipere:
1150 3029 1290 3114 dignare,

137 3127 272 3191 Domine
289 3131 430 3192 omnium
453 3152 568 3206 rerum,
592 3143 629 3193 ut
650 3130 716 3193 haec
731 3128 848 3193 famula
862 3142 918 3192 tua
932 3130 967 3193 in
982 3130 1126 3216 adgresse
1142 3131 1292 3195 castitatis

135 3231 349 3296 observatione
365 3233 546 3320 perdurans,
563 3231 644 3300 inter
659 3233 841 3319 conjugatas
856 3257 920 3296 uno
935 3246 1059 3296 tantum
1075 3233 1145 3297 viro
1161 3234 1292 3298 seminas

135 3335 271 3399 fructum
286 3336 483 3424 trigesimum
506 3338 660 3400 sortiatur.
708 3338 755 3401 Sit
778 3337 811 3399 in
834 3338 888 3401 illa
904 3362 974 3401 curn
998 3337 1213 3402 misericordia
1231 3338 1291 3403 dis·

135 3440 242 3520 creti0,
259 3466 330 3506 cum
352 3441 531 3505 humilitate
553 3441 690 3528 largitas,
716 3465 787 3504 cum
810 3441 1006 3505 humanitate
1027 3441 1191 3506 sobrietas:
1216 3467 1294 3529 opus

135 3557 225 3610 tuum
251 3546 302 3610 die
326 3571 361 3610 ac
387 3558 478 3609 nocte
502 3546 682 3623 meditetur,
714 3557 746 3608 et
771 3570 828 3632 pro
853 3546 997 3632 eoquod
1021 3545 1127 3610 amisit
1148 3547 1294 3632 conjugis

135 3650 280 3713 solatium
306 3650 486 3736 temporale,
502 3660 549 3725 tu,
566 3648 620 3734 qui
646 3672 749 3712 rerum
771 3649 914 3712 omnium
940 3647 1062 3734 requies
1082 3672 1124 3726 es,
1140 3662 1294 3713 secuturae

136 3752 209 3815 vitae
224 3753 358 3838 spatium
380 3751 512 3837 spiritali
539 3752 748 3815 consolatione
770 3775 934 3838 conpensa,
951 3764 987 3813 ut
1002 3750 1036 3814 in
1052 3752 1104 3815 die
1119 3754 1295 3818 vocationis

137 3875 198 3917 suae
213 3856 283 3918 talis
295 3856 401 3918 venire
416 3868 581 3932 mereatur,
598 3854 697 3940 qualis
718 3855 814 3918 Anna
829 3854 920 3917 fuisse
936 3866 1067 3932 constat,
1084 3879 1179 3940 quarn
1194 3879 1294 3943 usque

138 3957 177 4018 ad
192 3957 362 4042 prophetiae
377 3957 520 4042 spiritum
536 3956 742 4019 commovisti.
789 3957 855 4020 Per.

559 4125 749 4190 Consecnotio
765 4129 872 4191 vidua,

183 4249 359 4326 Cousolare,
386 4251 531 4329 Domine,
558 4251 639 4315 hanc
663 4254 811 4316 famulam
836 4267 922 4317 tuam
946 4252 1108 4317 viduitatis
1135 4254 1297 4322 laboribus

140 4348 348 4425 constrictam,
365 4352 445 4412 sicut
457 4355 612 4416 consolare
643 4356 790 4441 dignatus
815 4381 846 4420 es
872 4356 1072 4441 Sareptenam
1089 4356 1222 4422 viduam
1238 4385 1296 4446 per
