2866 4934
134 366 193 424 106
481 381 724 430 nonmrrcnns
740 380 977 427 nconnanrr.

130 534 276 597 lenitatis
292 534 410 600 ditatus
430 537 589 602 beneficiis
612 549 764 602 mereatur
778 535 932 622 gaudere,
952 548 991 601 et
1007 537 1261 624 prolixitatem
1251 556 1305 622 pra·

129 637 224 699 sentis
253 637 326 699 titre
353 663 410 724 per
439 654 580 727 tempora
606 641 687 705 bona
715 639 851 725 benigne
882 639 1076 757 suscipere,
1110 664 1152 705 ac
1182 638 1305 727 supernis

128 739 250 802 civibus
265 741 448 825 angelorum
464 744 566 807 choris
580 767 636 831 per
650 755 761 807 aetama
776 743 974 806 commercia
991 745 1163 830 copulari
1211 744 1274 807 Per

175 843 274 929 Super
299 843 384 908 hune
408 848 561 911 famulum
577 860 666 911 tuum
682 846 745 932 (vel
757 844 838 907 hane
853 843 1022 909 famulam
1042 847 1172 932 tuam),
1186 845 1307 911 Domine

128 969 312 1030 cinnamum,
338 947 507 1034 dignanter
532 950 672 1027 intende,
699 962 731 1013 ct
755 947 794 1011 da
817 947 847 1011 ei
870 947 1056 1013 scientiam
1083 975 1213 1028 veram,
1236 972 1306 1036 spem

133 1049 263 1125 lirinum,
281 1050 446 1114 eonsilium
472 1065 604 1131 rectum,
628 1052 800 1117 doctrinam
822 1063 984 1130 sanctam,
1007 1065 1051 1118 ut
1075 1067 1180 1141 aptus
1201 1052 1307 1117 inveni-

129 1165 199 1215 atur
214 1153 253 1216 ad
268 1153 482 1241 accipiendam
499 1157 631 1242 gratiam
647 1169 708 1220 tuae
723 1153 963 1220 benedictionis.
1020 1156 1100 1221 Per.

404 1464 635 1528 Bnnsmcrro
650 1481 810 1529 maenus
826 1480 1026 1529 nonrnnrs.

178 1668 345 1731 Benedicat
367 1681 397 1732 te
421 1671 565 1734 conditor
586 1671 655 1734 eoeli
671 1684 710 1757 *et
734 1683 831 1746 terrae,
848 1668 936 1731 Deus
962 1670 1069 1737 Pater
1088 1673 1302 1761 Omnipotens,

131 1772 184 1858 qui
202 1786 232 1835 te
248 1771 363 1857 eligere
378 1771 526 1858 dignatus
541 1786 588 1836 est
602 1773 642 1836 ad
655 1772 755 1837 instar
772 1772 891 1837 Sanctae
907 1771 1026 1838 Mariae
1043 1778 1167 1841 matris
1184 1775 1302 1841 Domini

131 1876 227 1939 nostri
249 1876 325 1939 Jesu
343 1874 469 1952 Christi,
495 1875 534 1939 ad
561 1876 802 1939 conservandam
829 1873 991 1960 integram
1019 1891 1057 1941 et
1083 1880 1300 1944 inmaculatam

131 1979 344 2064 virginitatem
360 2002 453 2063 quam
476 1979 611 2065 professa
633 2002 665 2042 cs
685 2001 788 2042 coram
805 1977 872 2041 Deo
893 1989 925 2040 et
946 1982 1084 2066 angelis
1107 1985 1241 2048 sanctis:
1262 1982 1300 2045 id·

130 2082 211 2144 eirco
223 2104 310 2144 serva
321 2082 525 2167 propositum,
538 2106 625 2145 serva
637 2081 808 2145 castitatem
819 2105 875 2167 per
882 2080 1098 2165 patientiam,
1112 2100 1153 2151 ut
1164 2109 1298 2151 coronam

130 2185 322 2271 virginitatis
344 2197 406 2247 ture
428 2185 567 2271 accipere
593 2184 690 2270 digna
712 2185 761 2248 sis.
807 2185 900 2248 Nunc
923 2208 1027 2250 exoro
1049 2189 1194 2254 Domini
1213 2189 1297 2254 nostri

131 2289 208 2353 desu
225 2288 342 2352 Christi
358 2288 613 2364 misericordiam,
630 2300 666 2351 ut
687 2287 769 2350 hanc
789 2286 946 2373 virginem
971 2288 1175 2358 benedicere
1190 2307 1296 2358 616611-

130 2415 247 2457 seerare
262 2416 298 2455 ac
313 2390 504 2454 sanctificare
520 2391 678 2476 dignetur.
725 2390 786 2472 Qui
802 2414 883 2454 cum.

487 2566 568 2626 Item
584 2567 746 2629 benedictio
762 2566 924 2648 uirginem.

177 2697 347 2762 Benedicat
371 2710 402 2761 tc
424 2698 519 2775 Deus,
538 2699 630 2762 Pater
652 2714 683 2762 et
707 2699 807 2763 Filius
827 2711 858 2762 et
884 2696 1023 2783 Spiritus
1048 2701 1199 2782 Sanctus,
1215 2712 1290 2768 cmm

131 2801 348 2866 benedictione
364 2800 505 2886 spiritali,
522 2813 558 2864 ut
572 2825 697 2865 maneas
723 2803 911 2888 incorrupta,
927 2800 1086 2868 inviolata
1103 2820 1138 2870 et
1160 2807 1289 2870 inmacu-

133 2907 193 2969 lata
220 2906 277 2968 sub
303 2905 490 2968 vestimento
519 2904 639 2968 Sanctae
663 2906 770 2968 Mariae
797 2904 903 2969 matris
930 2903 1067 2969 Domini
1093 2909 1195 2973 nostri
1220 2910 1288 2973 Jesu

134 3008 265 3071 Christi:
288 3009 460 3093 requiescat
486 3031 578 3094 super
607 3020 638 3071 te
668 3008 802 3094 Spiritus
830 3006 1018 3092 septiformis
1049 3009 1126 3089 Dei,
1162 3012 1289 3099 Spiritus

133 3109 289 3192 sapientiae
304 3123 336 3172 et
359 3112 546 3187 intellectus,
567 3110 700 3195 Spiritus
722 3110 845 3174 consilii
867 3123 900 3173 et
922 3109 1133 3192 fortitudinis,
1161 3115 1289 3202 Spiritus

132 3210 267 3273 scientim
282 3224 314 3273 et
328 3212 463 3297 pietatis,
476 3214 594 3299 repleat
608 3225 639 3276 te
655 3213 789 3299 Spiritus
804 3213 925 3276 timoris
940 3212 1084 3277 Domini.
1132 3217 1287 3304 Fragilam

132 3313 252 3391 solidet,
269 3314 440 3380 invalidam
462 3319 597 3393 roboret,
614 3316 811 3401 validamque
835 3314 1011 3393 confirmet,
1027 3317 1147 3402 pietate
1168 3321 1287 3396 allevat,

132 3417 330 3480 miseratione
354 3432 525 3497 conservet,
551 3431 689 3481 mentem
714 3431 812 3504 regat,
841 3419 907 3482 vias
931 3417 1060 3505 dirigat,
1086 3423 1290 3509 cogitationes

58 3553 62 3560 ¹
131 3536 249 3586 sanetas
274 3521 426 3599 instituat,
447 3534 533 3585 aetus
556 3521 677 3607 probet,
703 3545 795 3608 opera
819 3521 969 3606 perficiat,
993 3523 1125 3588 caritate
1148 3526 1288 3603 aedificet,

131 3623 282 3710 sapientia
305 3623 473 3701 illuminet,
499 3624 639 3687 castitate
663 3625 794 3701 muniat,
812 3624 940 3688 scientia
964 3625 1111 3705 instruet,
1132 3627 1198 3694 fide
1221 3653 1290 3694 con-

130 3726 244 3802 firmet,
260 3725 294 3786 in
307 3724 423 3786 virtute
438 3726 636 3811 multiplicet,
654 3724 687 3786 in
699 3727 861 3790 sanctitate
877 3726 1036 3805 sublimet,
1048 3729 1090 3792 ad
1104 3733 1290 3816 patientiam

131 3839 285 3913 preparet,
302 3826 341 3888 ad
357 3826 573 3890 obaedientiam
589 3826 711 3904 subdat,
724 3829 758 3890 in
772 3829 951 3893 humilitate
962 3843 1152 3916 prosternat,
1163 3837 1204 3900 ad
1220 3861 1292 3902 con·

130 3929 296 3992 tinentiam
312 3928 365 3990 det
380 3927 607 4005 fortitudinem,
627 3928 737 3992 reddat
757 3931 901 4008 sobriam,
917 3944 1063 4018 protegat
1078 3938 1244 4021 pudicam,
1260 3941 1292 4004 in

130 4030 313 4094 infirmitate
328 4028 443 4107 visitet,
455 4030 488 4092 in
501 4032 606 4095 dolore
621 4031 774 4110 relevet,
765 4059 800 4096 111
815 4036 1019 4119 temptatione
1036 4039 1152 4125 erigat,
1169 4042 1215 4106 in
1222 4068 1293 4108 con·

130 4133 302 4196 versatione
314 4132 499 4209 custodiat,
491 4157 525 4194 1n
536 4132 739 4218 prosperitate
751 4149 913 4220 temperet,
929 4138 964 4199 in
975 4138 1141 4206 iracundia
1153 4146 1295 4234 mitiget,

131 4230 329 4315 iniquitatem
354 4235 498 4296 emendet
503 4235 673 4311 ‚infundat
694 4238 838 4318 gratiam,
863 4240 1004 4303 remittat
1024 4241 1157 4325 offensa,
1175 4249 1298 4315 tribuat

132 4330 338 4417 disciplinam,
362 4334 469 4396 uthis
494 4337 597 4400 ethis
621 4333 774 4400 similibus
799 4340 968 4405 virtutibus
999 4342 1088 4422 fulta,
1116 4361 1150 4412 et
1182 4354 1300 4419 sanctis
