2866 4934
127 351 170 411 34
476 365 960 416 ronrrrronannoonnnnrr.

174 519 259 583 Deus
283 519 317 582 in
343 518 536 603 adjutorium
562 545 668 586 meum
684 523 827 588 intende:
848 520 995 586 Domine
1013 521 1062 587 ad
1085 519 1300 606 adjuvandum

129 644 180 685 me
195 620 321 685 festina:
338 643 406 685 cnm
424 622 530 688 Gloria
545 626 656 711 absque
672 626 820 691 Alleluia.

171 724 294 789 Deinde
309 746 378 790 vero
394 726 538 791 benedicit
551 729 656 809 annm,
672 755 797 817 aquam,
812 741 839 793 et
854 729 956 793 diem:

175 825 327 894 Exoroizo
342 840 385 906 te,
402 842 541 895 ereatura
555 831 636 911 salis,
648 832 683 896 in
694 833 823 897 nomine
835 830 895 895 Dei
917 830 1028 896 Patris
1048 830 1295 920 omnipotentis,

128 942 160 994 et
175 929 208 992 in
225 930 352 996 caritate
376 933 398 998 J
400 955 454 996 esu
473 932 589 999 Christi
615 936 745 1000 Domini
768 935 876 1013 nostri,
900 944 933 997 et
957 933 996 997 in
1017 934 1154 1001 virtute
1170 935 1294 1023 Spiritus

133 1030 249 1098 Sancti.
295 1035 449 1100 Exoroizo
473 1048 504 1101 te
527 1059 583 1123 per
608 1039 710 1103 Deum
735 1039 856 1116 vivum,
880 1058 936 1122 per
960 1035 1080 1101 Deum
1102 1061 1229 1116 verum,
1245 1058 1292 1124 per

131 1134 235 1200 Deum
262 1138 316 1225 qui
331 1151 362 1204 te
386 1138 426 1203 ad
450 1142 580 1206 tutelam
598 1142 721 1229 generis
743 1139 875 1205 humani
900 1140 1102 1225 procreavit,
1124 1153 1161 1206 et
1185 1139 1291 1228 populo

129 1239 269 1306 venienti
279 1243 319 1306 ad
334 1242 550 1309 eredulitatem
564 1269 620 1332 per
631 1267 734 1309 servos
748 1267 819 1309 suos
832 1240 1007 1307 consecrari
1017 1244 1182 1331 preoepit.
1226 1245 1290 1308 Pro

131 1342 205 1408 indo
220 1368 366 1431 rogamus
389 1356 432 1423 te,
454 1346 590 1411 Domine
607 1348 691 1412 Deus
712 1358 826 1424 noster,
854 1357 890 1409 ut
912 1343 979 1408 hac
1001 1357 1158 1411 creatura
1177 1345 1289 1411 salisin
1342 1333 1349 1345 ’

130 1446 258 1510 nomine
275 1446 437 1510 Trinitatis
452 1448 604 1514 efficiatur
618 1450 749 1514 salutare
769 1458 995 1512 sacramentum
1024 1448 1070 1513 ad
1085 1448 1289 1537 effingendum

130 1545 311 1627 inimicum
335 1571 428 1635 quam
444 1563 527 1616 creat
527 1576 616 1616 uram
632 1552 702 1617 salis
716 1564 763 1631 tu,
776 1550 922 1629 Domine,
935 1549 1173 1626 sanctificando
1187 1549 1290 1617 saneti

131 1647 214 1729 fioes,
231 1661 263 1714 et
276 1651 489 1717 benedicendo
503 1654 677 1733 benedicas,
693 1669 730 1718 ut
749 1653 805 1718 fiat
819 1652 963 1718 omnibus
977 1653 1217 1741 aecipientibus
1228 1676 1290 1741 per·

131 1752 212 1819 fecta
226 1755 382 1819 medicina
392 1779 577 1843 permanens
592 1757 626 1821 in
641 1757 810 1822 visoeribus
824 1779 942 1834 eorum,
958 1754 993 1819 in
1008 1758 1148 1823 nomine
1164 1755 1291 1823 Domini

131 1857 229 1922 nostri
244 1858 322 1924 Jesu
339 1859 466 1938 Christi,
491 1861 545 1946 qui
570 1872 721 1925 venturus
745 1876 792 1924 est
810 1859 953 1943 judicare
971 1857 1066 1924 vivos
1091 1873 1127 1925 et
1153 1872 1289 1930 mortuos

132 1972 164 2022 et
178 1961 323 2026 saeoulum
339 1984 395 2046 per
409 1961 525 2047 ignem.

519 2137 599 2200 Item
614 2138 796 2201 enoronmns
811 2136 894 2200 salis.

178 2270 331 2337 Exoroizo
346 2285 389 2352 te,
405 2284 546 2338 ereatura
560 2273 630 2339 salis
644 2296 701 2360 per
716 2273 820 2337 Deum
834 2273 956 2348 vivum,
971 2293 1029 2357 per
1044 2270 1156 2337 Deum
1170 2296 1291 2351 verum,

133 2398 188 2461 per
204 2376 307 2440 Deum
323 2390 475 2454 sanetum,
499 2399 555 2462 per
576 2375 679 2439 Deum
695 2375 750 2461 qui
765 2387 797 2440 te
811 2399 867 2461 per
883 2374 1023 2438 Eliseum
1046 2374 1293 2462 prophetamin

133 2500 246 2563 aquam
266 2478 352 2542 mitti
373 2477 477 2563 jussit,
500 2490 537 2542 ut
555 2490 712 2543 sanaretur
738 2479 882 2543 sterilitas
905 2499 995 2564 aque,
1020 2489 1058 2540 ut
1081 2477 1231 2545 efficiaris
1251 2479 1294 2544 sal

136 2580 348 2646 exorcizatum
363 2581 397 2645 in
413 2581 543 2646 salutem
560 2580 765 2659 credentium,
780 2592 818 2644 ut
832 2581 872 2645 sis
887 2579 1033 2644 omnibus
1048 2591 1081 2644 te
1096 2583 1294 2651 sumentibus

135 2684 247 2750 sanitas
267 2685 378 2751 animae
393 2700 425 2750 et
440 2687 586 2774 eorporis,
610 2697 642 2750 et
666 2683 798 2772 effirgiat
821 2696 915 2770 atque
941 2681 1081 2747 discedat
1102 2685 1293 2763 absolone

136 2810 198 2872 quo
228 2811 367 2874 aspersus
396 2789 491 2852 fueris
521 2789 622 2853 omnis
645 2787 785 2866 fantasia,
820 2798 852 2852 et
883 2784 1034 2872 nequitia,
1069 2787 1122 2851 vel
1155 2788 1295 2854 versutia

136 2888 296 2953 diabolioae
328 2889 455 2966 fraudis,
487 2891 650 2977 omnisque
681 2891 806 2978 spiritus
832 2889 1013 2969 inmundus,
1044 2887 1210 2974 adjuratus
1240 2914 1296 2980 per

135 3014 207 3055 eum
230 2991 285 3078 qui
305 3002 455 3055 venturus
473 3005 519 3055 est
530 2994 672 3076 judicare
695 2994 784 3058 vivos
799 3005 831 3058 et
845 3005 994 3071 mortuos,
1019 3003 1051 3058 et
1073 2994 1224 3061 seculum
1238 3018 1296 3082 per

136 3093 253 3179 ignem.

551 3264 553 3269 ’
575 3267 751 3333 Benedictio
766 3271 848 3333 salis.

183 3401 360 3467 Inmensam
383 3399 580 3466 clementiam
604 3415 703 3482 tuam,
723 3404 930 3491 Omnipotens
944 3415 1057 3468 aeterne
1073 3402 1170 3483 Deus,
1187 3404 1295 3471 humi-

137 3506 209 3573 liter
228 3507 441 3596 imploramus,
462 3517 499 3570 ut
516 3505 598 3573 hano
618 3519 790 3572 ereaturam
812 3507 882 3572 salis
902 3531 997 3593 quam
1011 3507 1047 3571 in
1060 3529 1153 3570 usum
1169 3509 1296 3595 generis

140 3609 272 3675 humani
303 3609 452 3687 tribuisti,
473 3610 709 3694 beneffldioere
731 3623 764 3673 et
785 3607 1028 3691 sanotifflfioare
1058 3631 1117 3694 pro
1138 3621 1194 3673 tua
1225 3610 1294 3697 pie·

136 3725 201 3781 tate
216 3714 365 3802 digneris,
381 3726 418 3778 ut
432 3713 472 3777 sit
486 3715 632 3779 omnibus
652 3712 846 3776 sumentibus
867 3713 947 3775 salus
962 3711 1076 3775 mentis
1091 3722 1123 3776 et
1138 3711 1295 3800 corporis3

137 3832 169 3884 et
183 3818 333 3909 quioquid
347 3840 385 3883 eo
399 3827 518 3880 tactum
542 3819 593 3883 vel
616 3839 788 3905 respersum
810 3815 915 3893 firerit,
941 3825 1043 3879 careat
1062 3813 1149 3877 omni
1164 3814 1295 3880 inmun-

137 3924 224 4004 ditia,
241 3925 389 4010 omnique
404 3921 632 4009 inpugnatione
648 3919 794 4010 spiritalis
809 3918 964 4005 nequitiae.
1012 3918 1080 3981 Per.

556 4095 758 4158 Enoroirmns
772 4114 867 4177 oqnoe.

182 4230 336 4293 Exoroizo
357 4241 400 4306 te,
424 4238 563 4291 creatura
585 4252 682 4314 aquae,
709 4229 743 4291 in
769 4226 898 4290 nomine
930 4224 991 4288 Dei
1014 4223 1114 4289 Patris
1139 4225 1296 4312 Omnipo-

137 4330 240 4405 tentis,
257 4329 336 4391 etin
360 4328 487 4392 nomine
503 4327 526 4390 J
527 4350 580 4391 esu
597 4329 712 4394 Christi
738 4328 813 4391 Filii
828 4328 905 4409 ejus,
921 4337 953 4389 et
970 4326 1104 4410 Spiritus
1121 4328 1238 4405 San'oti,
1257 4345 1299 4395 ut
