2866 4934
193 384 254 443 120
527 397 774 446 ronnuucnnn
791 397 1009 446 nessnnnnr.

208 656 326 720 anrn
342 672 374 719 v.
390 672 428 718 rn
451 671 557 720 cmnn
577 657 718 722 Donnu
740 676 842 723 noun
862 662 937 721 vrtss.
958 673 1209 721 cnnnnnnnnn
1235 673 1343 722 n1ssn
1392 696 1395 701 >

498 779 548 824 nn
564 779 767 827 nnrnnnms
783 778 836 826 sm
853 777 1046 825 meremus.

236 967 382 1054 Pontifen
402 968 487 1042 dicit,
510 967 650 1033 Oremus.
700 969 789 1034 Tunc
804 979 967 1054 ponuntur
986 969 1020 1031 in
1040 967 1141 1032 altore
1164 969 1304 1046 Sancto3
1328 981 1355 1033 ct

193 1071 292 1135 altore
322 1082 365 1135 est
394 1094 511 1135 cocum.
566 1072 715 1137 Omnibns
737 1074 796 1136 rite
818 1073 852 1134 in
875 1071 974 1134 ultore
999 1072 1175 1156 conpositis,
1201 1073 1306 1136 obluta
1327 1083 1353 1135 et

194 1175 369 1253 libamento,
380 1197 544 1261 pontoque
558 1198 618 1261 per
633 1175 786 1239 ecclesium
802 1175 972 1238 luminario
991 1197 1125 1252 ccccmo,
1143 1177 1272 1239 diaconi
1289 1175 1352 1239 tat-

193 1280 312 1342 rnoticis
323 1280 432 1356 vestiti,
445 1290 594 1343 cerostata
608 1281 684 1366 ciiij.
697 1289 767 1342 onte
782 1278 881 1341 nitore
890 1279 1004 1363 posito.
1043 1277 1153 1341 Stante
1169 1290 1243 1343 onte
1258 1280 1352 1342 altore

189 1381 347 1466 pontifice,
361 1391 389 1444 et
398 1379 513 1444 edocto
524 1382 638 1444 dicente
649 1403 727 1458 uoce,
740 1380 869 1444 Sursum
881 1379 984 1442 corda.
1017 1380 1197 1464 Respondet
1206 1381 1351 1468 populns,

196 1483 358 1546 Habemus
383 1482 424 1546 ad
447 1481 631 1545 Dominum.
679 1482 799 1546 Gratias
823 1505 952 1568 agamus
977 1482 1115 1545 Domino
1140 1483 1214 1547 Deo
1240 1497 1351 1548 nostro.

195 1586 372 1669 Respondet
390 1585 534 1670 popolus,
559 1584 702 1670 Dignum
726 1598 757 1647 et
779 1586 902 1668 justum
924 1598 980 1648 est.
1032 1586 1078 1648 Et
1096 1589 1246 1674 pontifen
1260 1590 1351 1676 finito

197 1687 281 1752 Vere
297 1687 440 1771 dignum.
484 1687 574 1751 Dicit
589 1689 687 1751 ornnis
703 1689 827 1752 clericus
842 1700 871 1752 et
879 1689 1027 1775 populus,
1047 1689 1191 1768 Sanctus,
1212 1691 1350 1768 Sanctus,

199 1789 339 1854 Sanetus.
384 1791 436 1855 Sto
465 1791 565 1854 intrat
592 1793 626 1855 in
650 1793 776 1855 missum
799 1815 913 1877 usqne:
952 1792 1014 1856 Sed
1042 1793 1145 1871 venie,
1178 1817 1352 1880 quaesumus

197 1894 346 1974 Domine,
361 1895 492 1982 largitor
507 1896 663 1960 admittas.
703 1897 762 1960 Per
778 1895 963 1960 Christum.⁴
991 1898 1075 1961 Tunc
1090 1900 1241 1963 diaconus
1257 1901 1352 1964 cordi-

194 1999 275 2062 nolis
290 2011 387 2062 sumet
401 1992 500 2062 oleam
509 2021 572 2084 pro
588 2000 733 2084 infirmis,
744 2010 851 2084 portet
873 2023 967 2084 usqne
985 2003 1028 2064 od
1046 2003 1239 2088 pontificem,
1256 2003 1351 2066 atille

190 2102 360 2188 paululum
375 2103 524 2165 divertens
539 2125 570 2167 se
585 2102 623 2165 ob
639 2102 748 2179 altare,
765 2113 849 2165 stans
864 2105 898 2165 in
913 2126 967 2166 sno
981 2107 1095 2190 produ,
1110 2107 1240 2190 sipnans
1256 2107 1352 2170 oleum

196 2209 230 2270 in
245 2229 341 2269 rnonn
356 2208 487 2284 diaconi,
504 2218 533 2270 et
547 2208 716 2270 orationem
732 2208 904 2270 institutam
918 2231 1015 2293 supro
1031 2209 1117 2271 tacite
1132 2209 1245 2272 diceres.

241 2310 371 2389 Emitte,
389 2310 536 2388 Domine,
556 2310 709 2396 Spiritum
729 2310 878 2374 Sanctum
894 2322 985 2373 tuum
1000 2310 1200 2396 Paraelytum
1216 2312 1256 2376 de
1272 2311 1352 2376 coelis

197 2414 231 2477 in
261 2413 343 2477 hanc
371 2413 598 2500 pinguedinem
629 2413 730 2491 olivae,
757 2435 851 2498 quam
879 2412 917 2476 de
941 2413 1035 2476 viridi
1065 2414 1154 2499 ligno
1183 2416 1353 2502 producere

199 2517 346 2602 dignatus
368 2539 400 2580 es
423 2516 464 2579 ad
485 2516 686 2580 refectionem
709 2516 855 2601 corporis,
872 2528 908 2579 ut
930 2528 984 2579 tua
1008 2529 1113 2580 saneta
1137 2518 1352 2582 benedictione

199 2619 240 2682 sit
265 2619 352 2682 omni
367 2632 567 2706 unguentum
583 2619 727 2704 tangenti
742 2630 954 2683 tutamentum
969 2618 1083 2683 mentis
1099 2631 1131 2684 et
1155 2623 1293 2708 corporis
1315 2621 1352 2685 ud

198 2721 392 2785 evacuandos
416 2744 523 2785 omnes
548 2722 678 2798 dolores,
695 2743 863 2805 omnesque
888 2718 1095 2798 infirmitates,
1119 2745 1248 2786 omnem
1275 2723 1353 2811 egri-

198 2825 342 2888 tudinem
367 2824 512 2910 corporis,
539 2825 623 2888 unde
648 2824 769 2888 unxisti
798 2823 979 2900 sacerdotes,
1006 2845 1104 2908 reges,
1131 2825 1300 2910 prophetas
1324 2838 1355 2888 et

199 2941 359 3013 martyres,
375 2927 509 2990 chrisma
522 2939 613 2991 tuum
628 2928 810 3013 perfectum,
828 2926 975 3004 Domine,
992 2949 1010 2988 a
1024 2911 1062 2988 te'
1068 2926 1272 2992 benedictum
1287 2953 1353 3015 per-

199 3053 328 3092 manens
352 3029 386 3090 in
410 3030 578 3093 visceribus
604 3031 726 3094 nostris.
781 3032 820 3094 In
846 3030 974 3093 nomine
998 3027 1128 3091 Domini
1154 3032 1253 3095 nostri
1278 3033 1354 3098 Jesu

201 3130 327 3207 Christi,
343 3152 506 3213 perquem
521 3130 587 3192 haec
603 3133 708 3195 omnia
725 3133 870 3195 Domine.

248 3231 393 3296 Oratione
399 3232 507 3316 finito,
523 3233 695 3316 ponebatur
709 3235 808 3298 olenrn
830 3260 928 3322 supro
951 3236 1124 3299 colurnnorn
1140 3240 1310 3322 qnondam,
1327 3250 1356 3302 et

200 3337 338 3400 sacerdos
352 3336 478 3398 missam
494 3337 601 3400 ordine
616 3359 670 3400 suo
686 3339 838 3404 celebrans
853 3341 937 3416 dicit,
956 3340 1015 3403 Per
1030 3362 1123 3424 quem
1148 3339 1213 3404 haec
1236 3343 1354 3419 emnia,

202 3440 348 3518 Domine,
371 3462 465 3525 usqne
487 3440 596 3504 saecula
618 3440 809 3506 saeculorum.
853 3444 1028 3529 Respondet
1045 3444 1195 3528 populns,
1222 3446 1354 3524 Amen3

200 3559 229 3611 et
243 3546 305 3624 iiie,
329 3545 486 3630 Preceptis
512 3544 697 3609 salutaribus
711 3546 835 3625 moniti,
852 3557 881 3610 et
904 3547 1071 3609 orationem
1097 3548 1294 3626 dominicam,
1322 3552 1358 3614 id

200 3661 244 3713 est
267 3650 358 3713 Pater
384 3660 497 3712 noster.
541 3649 587 3712 Et
608 3648 757 3726 sacerdos,
786 3649 899 3712 Libera
922 3670 979 3710 nos
1004 3671 1179 3733 quaesumus
1206 3651 1355 3729 Domine,

197 3773 301 3836 nuque,
314 3750 423 3813 saeoula
437 3748 627 3812 saeculorum.
664 3750 839 3834 Respondet
844 3750 992 3836 populns,
1004 3750 1120 3814 Amen.
1153 3754 1201 3816 Et
1210 3757 1355 3841 pontific

202 3856 289 3917 tacite
310 3855 412 3938 sipnot
432 3852 554 3915 calicem
577 3876 645 3916 cnm
666 3853 768 3915 oblato
791 3855 990 3940 sanctificato,
1006 3855 1124 3916 nemine
1148 3859 1356 3940 respondente.

201 3955 338 4019 Diaconi
363 3956 538 4042 cooperiant
561 3967 762 4018 sacramento.
811 3957 909 4020 Foeta
932 3956 1036 4031 misso,
1061 3956 1173 4018 iterum
1197 3959 1230 4020 in
1257 3960 1357 4024 altore

201 4061 373 4121 ascendente
384 4060 530 4143 pontifice
551 4061 593 4120 od
606 4043 704 4120 sedem¹
725 4081 823 4136 suurn,
848 4070 919 4121 tunc
942 4058 1173 4122 archidiaconns
1195 4065 1356 4126 ascendens

202 4181 270 4220 curn
286 4160 455 4236 chrismate,
473 4160 632 4243 ompuiom
654 4181 781 4222 oureorn
796 4184 864 4224 oum
882 4161 985 4246 pollio
1000 4160 1069 4222 cibo
1084 4160 1196 4225 habens
1211 4165 1244 4226 in
1259 4188 1356 4228 rnonu

200 4281 267 4334 sna,
284 4272 312 4321 et
326 4261 406 4324 illud
423 4262 560 4347 podium
575 4262 696 4322 mittens
712 4282 747 4322 ee
770 4276 862 4349 porte
888 4287 986 4348 supro
1001 4265 1157 4326 dcatnorn
1183 4269 1353 4351 scopulum,

199 4369 340 4441 stonsque
355 4373 424 4424 ante
433 4363 623 4446 pontificem,
636 4372 664 4422 et
679 4382 780 4426 ornnes
803 4367 937 4450 episcopi
951 4376 979 4427 et
1000 4366 1174 4449 presbyteri
1188 4379 1216 4429 et
1231 4371 1356 4432 diaconi
