2866 4934
152 362 192 421 98
488 380 730 427 mammeam:
746 380 975 431 1111111111.

151 530 263 593 mentis
287 544 319 594 et
342 537 478 621 corporis
503 535 759 599 incommoditate
785 538 957 616 eruamini,
976 539 1111 605 habere
1138 552 1175 605 et
1195 539 1283 626 quicq
1301 535 1324 597 'd

151 632 331 699 desideratis
346 637 461 702 affectu
476 639 568 703 celeri
584 639 825 724 consequamini.

197 737 289 816 Quod
305 738 380 825 ipsc.
470 742 663 806 Benedictio.

452 940 677 1003 ltusuntcmo
693 957 807 1004 suren
823 957 1021 1005 erronum.

195 1085 336 1151 Christus
360 1088 421 1153 Dei
447 1089 541 1168 filius,
565 1090 619 1177 qui
645 1104 691 1155 est
719 1090 848 1154 initium
873 1102 907 1154 et
933 1090 1026 1170 finis,
1056 1095 1317 1181 complementum

151 1191 239 1254 vobis
254 1192 372 1255 tribuat
387 1195 538 1272 caritatis,
561 1207 593 1259 et
608 1195 662 1280 qui
677 1218 732 1258 vos
754 1194 794 1257 ad
808 1193 1033 1280 expletionem
1051 1196 1161 1282 hujus
1177 1198 1251 1263 fecit
1262 1221 1316 1284 per·

149 1296 255 1359 venire
275 1296 411 1374 concilii,
435 1299 591 1362 absolutos
605 1322 661 1362 vos
683 1297 797 1361 efficiat
812 1297 852 1361 ab
872 1297 964 1360 omni
988 1303 1199 1389 contagione
1215 1301 1313 1366 delicti.

151 1399 265 1462 Arnen.

194 1503 240 1566 Ut
255 1504 295 1567 ab
310 1503 395 1565 omni
411 1517 499 1568 reatu
510 1504 669 1569 liberiores
683 1503 797 1580 effecti,
810 1515 842 1566 et
856 1503 997 1568 absoluti
1011 1507 1120 1571 etiam
1136 1533 1198 1596 per
1209 1510 1309 1573 donum

151 1604 285 1690 Spiritus
311 1606 427 1684 Sancti,
445 1607 528 1672 felici
551 1607 655 1671 reditu
676 1619 847 1670 vestrarum
870 1605 998 1671 sedium
1027 1612 1156 1676 cubilia
1178 1611 1309 1700 repetatis

148 1706 236 1770 illesi.
283 1709 397 1772 Amen.

194 1811 321 1898 Semper
340 1812 482 1897 proficiat
504 1838 577 1878 cura
591 1827 703 1891 vestra,
719 1826 755 1876 ut
770 1812 894 1898 quando
905 1813 1014 1897 judex
1029 1821 1175 1899 venerit,
1191 1819 1308 1906 evigilet

148 1915 225 1980 fides
239 1931 341 1980 vestra
356 1917 529 2004 vigilantiae
543 1919 698 2004 premium
714 1917 753 1981 dc
770 1916 908 1979 Domino
923 1932 1129 2006 perceptura.
1180 1924 1288 1987 Amen.

426 2056 478 2118 De
487 2067 636 2142 potestate
646 2055 831 2141 predicandi
845 2053 879 2116 in
888 2053 1022 2138 popam.

192 2172 234 2236 Et
249 2174 333 2259 quod
349 2174 417 2238 aliis
431 2199 483 2238 ore
497 2175 662 2261 predicatis
677 2173 769 2237 corde
785 2195 905 2258 semper
920 2176 1069 2239 teneatis.
1116 2178 1237 2243 Α111111.

191 2275 349 2340 Exaudiet
365 2299 419 2340 vos
435 2278 590 2341 Dominus
609 2277 644 2339 in
659 2289 797 2362 tempore
812 2275 961 2339 orationis
976 2291 1094 2358 vestre,
1105 2294 1139 2345 et
1156 2283 1211 2347 det
1225 2281 1304 2346 vobis
1398 2315 1400 2322 v

146 2381 309 2443 consilium
319 2380 526 2458 rectitudinis,
533 2393 565 2443 et
576 2380 707 2443 evadere
719 2377 901 2442 mereamini
906 2380 1101 2465 supplicium
1108 2383 1302 2450 Acherontis.
1399 2405 1400 2420 ¹

192 2528 360 2615 [Assumus
379 2530 490 2596 Sancte
516 2533 659 2620 Spiritus,
676 2555 813 2597 assumus
828 2531 948 2617 peccati
963 2533 1096 2618 quidem
1111 2537 1302 2603 immanitate

146 2633 275 2712 detenti,
289 2635 342 2698 sed
358 2635 391 2697 in
400 2635 528 2700 nomine
543 2650 598 2700 tuo
610 2636 783 2722 specialiter
793 2634 968 2721 aggregati,
981 2637 1058 2700 veni
1070 2639 1114 2703 ad
1124 2643 1300 2720 nos,adesto

146 2738 245 2816 nobis,
262 2753 293 2802 et
312 2738 441 2825 dignare
456 2740 543 2804 illabi
561 2740 706 2804 cordibus
724 2739 851 2802 nostris:
874 2738 950 2802 doce
974 2762 1032 2803 nos
1058 2743 1140 2828 quid
1165 2768 1300 2833 agamus,

145 2860 207 2921 quo
233 2838 423 2924 gradiamur,
445 2840 572 2902 ostende
596 2839 672 2924 quid
698 2838 868 2901 efficiamus
891 2839 1034 2923 operari:
1072 2853 1141 2906 esto
1166 2844 1249 2909 solus
1273 2857 1302 2909 et

145 2953 308 3024 suggestor
323 2954 354 3003 et
370 2941 496 3005 effector
516 2942 708 3026 judiciorum
724 2954 910 3011 nostrorum,
927 2941 983 3026 qui
1007 2942 1092 3007 solus
1113 2969 1189 3010 cum
1216 2948 1301 3012 Patre

146 3053 177 3103 et
193 3043 259 3123 ejus
275 3044 357 3105 Filio
375 3068 490 3108 nomen
512 3046 649 3132 possides
672 3045 851 3132 gloriosum.
898 3045 972 3108 Non
996 3069 1054 3110 nos
1080 3050 1213 3134 patiaris
1238 3077 1301 3139 per-

146 3144 318 3207 turbatores
333 3168 395 3208 essc
406 3147 546 3229 justitiae,
563 3150 617 3235 qui
640 3172 759 3212 summe
775 3147 881 3234 diligis
902 3147 1094 3234 aequitatem,
1110 3166 1150 3218 ut
1168 3155 1204 3220 in
1219 3156 1302 3221 sinis·

146 3259 229 3309 trum
245 3269 301 3309 nos
322 3270 386 3310 non
405 3248 582 3334 ignorantia
597 3250 710 3329 trahat,
725 3275 790 3315 non
805 3250 893 3314 favor
913 3249 1066 3331 inflectat,
1081 3278 1151 3320 non
1167 3260 1302 3348 acceptio

144 3349 281 3412 muneris
305 3352 356 3417 vel
385 3376 521 3437 personae
545 3366 738 3439 corrumpat:
762 3354 815 3416 sod
837 3354 939 3440 junge
965 3378 1022 3418 nos
1048 3358 1111 3422 tibi
1136 3360 1303 3429 efficaciter

144 3453 237 3517 solius
253 3454 359 3540 gratiae
370 3468 431 3519 tuae
447 3457 540 3533 dono,
551 3470 587 3521 ut
602 3456 698 3519 simus
712 3456 747 3519 in
761 3468 793 3519 tc
808 3480 919 3534 unum,
936 3469 968 3520 11
983 3458 1017 3521 in
1032 3461 1124 3525 nullo
1141 3465 1303 3533 deviemus

145 3582 262 3635 avere,
279 3559 411 3643 qualiter
431 3561 464 3622 in
486 3560 613 3624 nomine
637 3572 692 3623 tuo
715 3559 848 3637 collecti,
865 3560 909 3623 111
934 3561 968 3623 in
994 3566 1117 3630 cunctis
1142 3581 1305 3637 teneamus

144 3685 216 3723 cum
240 3662 451 3724 moderamine
475 3662 600 3747 pietatis
620 3662 791 3746 justiciam,
807 3675 844 3726 ut
866 3674 898 3725 et
919 3662 974 3727 hic
995 3688 1013 3728 a
1035 3677 1068 3729 te
1083 3668 1120 3731 in
1136 3674 1231 3740 nullo
1247 3676 1305 3741 dis-

143 3764 256 3827 sentiat
271 3764 424 3827 sententia
439 3776 554 3841 nostra,
572 3777 603 3828 et
617 3766 651 3827 111
667 3764 773 3828 futuro
788 3791 844 3852 pro
859 3766 939 3830 bene
954 3767 1051 3852 gestis
1072 3794 1306 3864 consequamur

142 3868 261 3951 premia
276 3867 471 3952 sempiterna.

611 4089 615 4097 Ι
635 4005 800 4088 1111.

188 4129 372 4191 Nostrorum
388 4130 457 4206 tibi,
475 4130 621 4207 Domine,
638 4144 803 4195 curvantes
826 4155 929 4218 genua
951 4134 1095 4201 cordium
1113 4165 1307 4229 quaemus,

144 4236 180 4287 ut
208 4229 326 4290 bonum
352 4230 436 4313 quod
465 4231 554 4293 nobis
581 4255 598 4293 a
624 4245 655 4293 te
681 4233 850 4314 requiritur
879 4257 1082 4319 exequamur,
1109 4245 1247 4330 scilicet,
1272 4267 1310 4318 ut

143 4339 286 4410 prompta
300 4341 402 4391 tecum
426 4330 635 4394 sollicitudine
658 4331 845 4415 gradientes,
862 4336 1056 4402 discretionis
1072 4346 1174 4412 ardue
1191 4355 1310 4422 subtile
