2866 4934
134 333 173 392 10
469 340 714 391 somnulenta
729 338 953 391 acassam.

129 501 180 566 val
209 493 421 563 sollicitudine
447 520 541 584 quam
567 519 623 584 per
651 496 800 584 pecunias
822 493 1012 580 adquisivit.
1083 497 1127 565 Si
1157 501 1232 587 quis
1253 524 1317 565 vero

129 602 297 667 meditator
310 610 376 662 tam
398 601 542 688 turpibus
556 612 589 665 et
610 599 752 665 nefandis
775 597 856 664 datis
869 597 921 661 vel
938 599 1096 686 acceptis
1120 604 1281 683 extiterit,
1294 605 1316 668 si

128 704 256 791 quidem
281 701 411 767 clericus
435 703 540 782 fuerit,
567 702 693 791 proprio
722 701 824 790 gradu
847 699 987 779 decidat,
1022 702 1103 769 sive
1133 705 1242 773 laicus
1268 721 1315 773 aut

129 806 300 872 monachus
314 805 606 873 anathematizetur.

172 947 365 1032 Requirotur
379 946 416 1008 de
438 945 492 1010 boc
510 938 644 1033 capituti
665 946 700 1009 itt
718 943 839 1009 Onoelia
855 942 962 1008 Sancti
981 942 1152 1032 Grepmi
1167 949 1266 1013 IIII.
1280 952 1312 1013 dt

130 1050 300 1137 Evangelio
314 1050 478 1113 necandum
493 1049 664 1114 Matbeum.

176 1186 265 1252 Misit
280 1186 304 1252 J
305 1209 373 1251 esus
391 1185 558 1250 duodecim
574 1184 741 1274 discipulos
755 1207 837 1263 suos,
853 1180 1040 1272 praecipiens
1062 1186 1114 1252 eis
1131 1188 1263 1255 diceus:
1280 1190 1308 1253 in

132 1292 216 1356 viam
231 1290 377 1376 gentium
393 1313 433 1353 ne
449 1289 596 1353 abieritis.

175 1430 221 1493 Et
234 1429 278 1491 ibi
287 1450 348 1513 per
362 1428 467 1490 omnia
489 1427 605 1512 liqutiic
624 1426 804 1503 invenietur,
819 1426 895 1510 quia
913 1423 1001 1491 nullo
1020 1430 1124 1495 medo
1149 1435 1308 1519 epiecopus

132 1531 259 1615 aliquod
269 1552 380 1592 monae
395 1529 529 1614 accepere
544 1531 629 1594 debet
643 1532 680 1594 de
693 1528 789 1593 sacra
804 1528 974 1593 ordinibus.

350 1701 405 1765 Ea·
424 1699 559 1765 Concilio
575 1701 812 1789 Kortepioenatis
828 1698 972 1788 Capitale
987 1702 1064 1787 avij.

584 1833 635 1897 Dc
650 1832 836 1897 Psalmistt'a.

178 1976 358 2052 Psalmicto,
374 1977 409 2039 id
423 1986 466 2038 eat
489 1989 605 2055 cantor,
616 1950 818 2063 posteaquam
833 1977 872 2040 ab
888 1976 1105 2041 archidiacono
1133 1982 1305 2049 instructus

127 2080 239 2166 faerit,
257 2090 358 2165 potest
382 2079 493 2165 adeptae
513 2083 693 2146 mentientia
711 2081 853 2168 episcopi,
876 2079 1099 2166 conjectione
1118 2087 1304 2168 probiori,

134 2185 266 2270 officium
280 2183 431 2269 tmepore
445 2186 601 2262 cantandi,
618 2185 732 2249 dicente
746 2184 804 2248 otti
820 2183 1006 2270 presbitero:
1037 2180 1128 2248 Vide
1154 2199 1194 2252 ut
1220 2191 1306 2276 quod

135 2310 188 2352 oro
203 2300 318 2365 cantas,
331 2285 423 2351 corde
438 2286 555 2364 credas,
568 2300 600 2351 ot
615 2288 698 2372 quod
714 2287 806 2352 eorde
821 2286 931 2365 credis,
947 2285 1092 2373 operibus
1106 2292 1239 2374 probes.

179 2433 260 2496 Item
275 2435 311 2496 de
327 2433 390 2520 vij*
411 2432 560 2519 pradibua
574 2430 727 2496 AEobcie
742 2456 815 2520 quoa
830 2432 1010 2519 adimplevit
1028 2431 1184 2502 Christum

182 2559 333 2626 Ostiarius
348 2561 419 2642 fuit,
429 2559 555 2649 quando
570 2559 723 2625 conclusit
737 2575 769 2625 et
784 2560 905 2648 aporuit
919 2560 1045 2626 archam
1056 2560 1137 2641 Noe,
1149 2578 1184 2629 et
1195 2581 1305 2653 portas

136 2663 251 2728 inferni
267 2665 403 2753 aperuit;
426 2665 511 2731 unde
526 2666 620 2730 modo
634 2663 776 2729 hostiarii
787 2664 842 2751 qui
851 2663 1011 2743 dicuntur,
1021 2664 1159 2730 aecelesie
1175 2672 1260 2736 ostia
1271 2686 1305 2737 et

136 2769 271 2846 sacrarii,
284 2782 316 2832 ct
331 2783 460 2856 tangere
475 2770 601 2855 signum
610 2782 647 2835 ut
656 2780 820 2833 occurrant
836 2789 952 2844 omnes,
969 2767 1120 2833 custodiri
1130 2769 1302 2854 jubentur.

139 2869 251 2932 Lector
277 2870 348 2948 fuit,
373 2872 499 2957 quando
518 2873 640 2957 aperuit
659 2873 694 2935 in
709 2869 859 2958 sinagoga
875 2870 1051 2936 Judeorum
1066 2871 1184 2937 librum
1211 2876 1303 2943 Isaiae

137 2971 307 3058 prophetae,
328 2987 360 3037 et
385 2974 474 3060 legit,
503 2973 636 3061 Spiritus
659 2974 790 3040 Domini
813 2997 904 3062 super
923 2995 985 3051 me,
1008 2985 1037 3038 et
1060 2987 1165 3039 catera
1215 2979 1302 3047 Sunt

136 3074 235 3161 igitur
259 3074 387 3139 lectores
405 3077 459 3161 qui
484 3078 615 3142 verbum
632 3080 692 3143 Dei
716 3079 890 3164 predicant,
906 3077 1019 3165 quibus
1041 3078 1167 3158 dicitur,
1186 3081 1302 3149 Clarus

138 3200 178 3241 ne
194 3200 299 3256 cesses,
316 3179 403 3264 quasi
427 3181 502 3244 tuba
516 3181 620 3245 exalta
634 3205 743 3247 vocem
759 3193 856 3245 tuam.
903 3180 1066 3246 Exoreista
1081 3181 1152 3260 firit,
1169 3187 1301 3269 quando

137 3280 231 3365 ejecit
246 3293 363 3368 septem
378 3282 524 3348 demonia
544 3283 583 3347 de
599 3284 699 3349 Maria
714 3283 911 3370 Magdalene.
958 3282 1129 3346 Exoreistae
1143 3307 1186 3348 ex
1200 3310 1300 3372 greco

138 3383 173 3448 in
188 3384 285 3450 latino
300 3385 477 3472 adjurantes
491 3399 652 3452 vocantur.
698 3389 851 3451 Invocant
865 3388 950 3451 enim
966 3409 1058 3472 super
1072 3389 1298 3471 catecuminos,

139 3488 190 3552 vel
205 3488 352 3576 superbos
366 3489 421 3575 qui
435 3488 552 3555 habent
572 3489 714 3577 spiritum
738 3488 938 3566 inmundum,
955 3509 1071 3552 nomen
1094 3486 1183 3566 ἄθεα,
1206 3491 1299 3576 adju-

137 3604 241 3657 rantes
255 3616 311 3680 per
326 3616 409 3672 eum,
431 3605 468 3658 ut
490 3592 667 3680 egrediatur
685 3592 724 3656 ab
747 3590 800 3654 eis.
849 3589 1063 3655 subdiaconus
1081 3588 1152 3668 fuit,
1168 3595 1300 3676 quando

139 3693 302 3761 benedixit
316 3721 429 3783 aquam
444 3697 478 3758 in
495 3697 603 3762 Chana
620 3695 755 3772 Galileae,
771 3706 804 3756 et
827 3694 981 3757 convertit
999 3693 1033 3755 in
1048 3693 1168 3757 vinum.
1217 3695 1300 3763 Sub·

140 3796 308 3864 diaconum
333 3823 407 3864 vero
433 3810 556 3886 oportet
586 3798 759 3884 apostolum
789 3795 903 3882 legere,
931 3796 1044 3860 vestire
1069 3808 1102 3860 et
1130 3795 1300 3867 honestare

139 3897 258 3977 altaria,
282 3913 314 3966 et
336 3900 511 3964 ministrare
535 3898 675 3963 diacone.
721 3897 878 3961 Diaconus
900 3896 971 3976 fuit,
992 3897 1117 3984 quando
1139 3899 1300 3988 confregit

141 4095 239 4174 milia,
264 4101 328 4164 sive
343 4101 469 4186 quando
492 4098 571 4161 lavit
595 4097 689 4180 pedes
711 4099 934 4185 discipulorum
955 4123 1090 4166 suorum.
1136 4100 1299 4171 Diaconus

142 4213 276 4279 namque
302 4212 424 4283 oportet
448 4197 623 4261 ministrare
652 4198 692 4259 ad
721 4199 828 4275 altare,
854 4211 886 4262 et
909 4203 1107 4287 evangelium
1133 4201 1238 4287 legere
1262 4207 1299 4272 in

141 4293 287 4371 eeclesia,
298 4296 454 4380 baptizare
466 4309 498 4359 ct
506 4293 736 4358 communicare
751 4297 785 4359 in
795 4297 862 4360 vice
873 4298 1045 4382 presbiteri,
1058 4301 1297 4386 peregrinorum
