2866 4934
190 403 253 464 130
528 417 773 466 rorrmrcnnc
789 418 1005 466 rosnarum.

189 573 334 658 AEgypto
359 573 529 658 peremisti,
555 597 678 638 servans
704 575 855 660 populum
872 587 963 637 tuum
990 573 1065 660 agni
1095 573 1247 659 sanguine
1273 596 1340 658 per-

188 685 349 738 notatum:
372 675 513 761 dignare,
530 677 666 741 Domine
684 677 899 764 Omnipotens,
911 677 1092 741 benedicere
1108 687 1139 738 et
1151 674 1341 739 sanctificare

187 777 243 840 has
258 777 366 841 ovium
387 779 576 843 mundarum
600 803 716 858 carnes,
732 793 768 843 ut
783 780 962 866 quicunque
984 803 1024 842 ex
1049 779 1172 865 populis
1187 778 1250 841 tuis
1265 777 1340 840 fide-

188 881 271 944 libus
286 882 489 962 comederint,
505 882 593 946 omni
608 883 826 947 benedictione
841 883 969 961 coelesti,
987 895 1018 946 et
1029 882 1129 968 gratia
1143 894 1198 945 tua
1214 881 1342 944 saturati

187 983 367 1070 repleantur
381 983 416 1047 in
430 983 532 1053 bonis.
578 985 645 1048 Per.

312 1220 392 1284 Atta
407 1219 570 1285 benedictio
585 1222 686 1285 curura
698 1223 932 1307 quadrupedum
947 1224 1013 1308 epac
1029 1223 1077 1284 die
1091 1221 1217 1284 Pascite.

235 1394 331 1470 Deus,
343 1393 398 1478 qui
414 1417 454 1457 ex
469 1394 578 1457 divina
592 1393 789 1479 providentia
800 1393 969 1476 majestatis
984 1406 1055 1470 tuae,
1067 1416 1122 1478 per
1131 1392 1343 1455 diversitatem

190 1517 341 1581 generum
358 1517 483 1557 suorum
500 1494 736 1579 quadrupedum
752 1505 783 1557 et
793 1495 967 1572 volucrum,
980 1506 1012 1557 et
1026 1493 1209 1579 principalia
1220 1514 1344 1577 quoque

189 1597 224 1660 in
239 1597 369 1659 exordio
387 1597 540 1660 elementa
555 1596 742 1682 produxisti,
758 1597 939 1681 mundoque
955 1620 1047 1682 quem
1065 1597 1114 1659 his
1129 1596 1293 1682 generibus
1308 1595 1343 1658 in

190 1699 312 1784 origine
334 1699 540 1763 convescendi
561 1699 602 1763 ad
623 1711 685 1762 tuae
702 1699 787 1762 viam
810 1699 1023 1763 similitudinis
1045 1698 1223 1776 condidisti,
1246 1699 1343 1762 licen·

192 1801 268 1866 tiam
298 1802 436 1888 piissime
461 1801 632 1880 contulisti,
654 1813 691 1865 ut
713 1801 815 1888 ipsum
841 1802 957 1889 quippe
987 1802 1097 1889 fragile
1122 1813 1345 1865 sustentaretur

191 1903 380 1992 figmentum
402 1906 442 1969 ad
464 1930 556 1970 usum
577 1905 612 1968 in
638 1928 739 1968 escam
760 1905 927 1969 haberetur
949 1905 1036 1969 vitae:
1059 1918 1090 1969 te
1113 1905 1266 1991 supplices
1291 1928 1345 1968 ex·

192 2031 317 2072 oramus
331 2021 362 2072 et
377 2008 543 2095 poscimus,
559 2020 596 2071 ut
610 2007 693 2070 hanc
711 2030 835 2070 carnem
851 2008 1090 2095 quadrupedum
1112 2031 1166 2071 seu
1180 2009 1345 2072 volucrum

192 2110 374 2175 benedicere
389 2122 421 2174 et
435 2109 626 2175 sanctificare
642 2109 791 2196 digneris,
808 2109 908 2196 sitque
924 2123 956 2174 ct
974 2134 1010 2174 ea
1023 2111 1204 2175 hominibus
1223 2136 1346 2176 sumen-

191 2213 276 2278 tibus
295 2213 399 2278 anime
418 2213 606 2292 bencdicti0‚
629 2225 661 2278 et
687 2213 823 2300 corporis
842 2224 1065 2291 tutamentum,
1089 2215 1273 2299 cunctisque
1287 2217 1347 2280 vis-

194 2317 315 2382 ceribus
329 2317 530 2404 purissimum
546 2317 789 2381 firmamentum.
837 2317 896 2380 Per
911 2339 1004 2402 quem
1019 2316 1084 2379 haec
1099 2317 1213 2380 omnia.

728 2489 816 2553 Alia.

240 2623 336 2703 Deus,
352 2625 423 2689 coeli
437 2638 586 2711 terraeque
609 2624 795 2703 dominator,
811 2624 867 2710 qui
889 2624 943 2688 das
964 2648 1063 2689 escam
1090 2624 1177 2687 omni
1203 2623 1300 2702 carni,
1316 2638 1348 2689 et

194 2726 305 2812 imples
322 2750 415 2791 omne
436 2727 552 2791 animal
574 2727 803 2805 benedictione,
825 2726 1006 2810 beneffldic
1031 2740 1062 2791 et
1086 2727 1241 2791 sanctifica
1265 2728 1347 2792 hanc

194 2842 365 2894 creaturam
380 2830 521 2894 carnium
537 2853 630 2916 quam
646 2830 685 2894 de
700 2830 763 2896 tuis
777 2830 868 2893 donis
885 2830 976 2895 nobis
991 2831 1143 2895 concedis.
1190 2832 1258 2896 Per.

197 3003 373 3067 Benedictio
388 3004 502 3068 incensi
516 3004 550 3066 iu
566 3003 678 3068 Sancto
694 3002 827 3067 dabbato
846 3013 1009 3088 autequam
1026 3004 1204 3068 benediceris
1220 3026 1348 3083 cereum,

242 3116 271 3167 et
284 3105 387 3188 ipsum
402 3107 487 3169 debeo
503 3107 585 3168 mitti
599 3108 632 3169 in
648 3128 765 3169 cereum
779 3108 813 3169 iu
828 3107 895 3190 ipso
921 3107 982 3170 loco
1006 3107 1059 3174 ubi
1082 3107 1195 3170 dicitur
1223 3106 1351 3194 Suscipc

241 3227 369 3267 rnoensr.

243 3340 328 3404 Deus
356 3340 572 3431 Omnipotens,
596 3344 682 3408 Deus
709 3344 882 3425 Abraham,
899 3346 985 3411 Deus
1010 3346 1104 3423 Isaac,
1129 3346 1215 3409 Deus
1237 3346 1349 3425 Jacob,

199 3445 325 3509 inmitte
347 3445 381 3509 in
403 3447 486 3514 hanc
510 3460 684 3513 creaturam
708 3447 827 3512 incensi
841 3448 908 3512 vim
934 3448 1036 3512 odoris
1059 3449 1107 3512 tui
1122 3449 1173 3512 vel
1188 3448 1350 3528 virtutem,

199 3559 237 3611 ut
251 3548 291 3612 sit
305 3549 434 3613 servulis
449 3550 513 3614 tuis
527 3551 578 3614 vel
594 3549 715 3614 ancillis
729 3550 962 3614 munimentum
978 3550 1137 3635 tutelaque
1153 3550 1351 3629 defensionis,

200 3673 241 3713 ne
255 3649 351 3714 intret
365 3651 463 3715 hostis
477 3653 511 3715 in
526 3652 643 3717 viscera
658 3674 777 3728 eorum,
794 3649 978 3734 aditumque
993 3662 1025 3713 ct
1040 3651 1144 3715 sedem
1158 3651 1273 3716 habere
1288 3675 1352 3716 non

200 3753 306 3838 possit,
322 3777 377 3840 per
392 3769 424 3819 te
439 3755 550 3820 desum
567 3754 727 3820 Christum
744 3752 808 3817 Fili
823 3751 895 3830 Dei,
912 3752 1053 3837 quicum
1078 3754 1169 3817 Patre
1185 3765 1216 3817 et
1234 3753 1354 3840 Spiritu

204 3854 317 3918 Sancto
332 3856 414 3919 vivis
429 3868 461 3920 et
474 3879 586 3943 regnas
600 3879 656 3942 per
671 3866 783 3919 cuncta
798 3855 916 3918 saecula.

734 4026 824 4093 Atia.

246 4164 381 4228 Domine
397 4164 483 4228 Deus
500 4163 706 4250 Omnipotens
721 4163 772 4227 cui
794 4164 896 4227 adstat
913 4163 1067 4227 exercitus
1082 4165 1265 4250 angelorum
1281 4188 1355 4228 cum

202 4275 346 4343 tremore,
363 4289 496 4351 quorum
520 4266 653 4329 servitus
678 4266 712 4329 in
727 4279 822 4330 vento
843 4279 875 4330 ct
897 4266 965 4351 igni
980 4267 1189 4330 convertitur:
1212 4266 1356 4352 dignare,

205 4362 350 4442 Domine,
366 4367 516 4452 respicere
532 4378 564 4429 et
577 4365 811 4448 beneffldicere
826 4380 858 4432 ot
880 4366 1071 4433 sanctificare
1085 4370 1167 4432 hanc
1182 4381 1357 4432 creaturam
