2866 4934
177 334 216 391 92
519 349 761 394 rourrmcnrn
777 347 1011 394 accessum.

221 501 441 586 Conccdntque
458 503 546 567 vobis
569 503 670 589 ipsum
695 503 807 568 habere
830 502 1094 567 intercessorem
1113 504 1153 567 in
1171 505 1275 583 coelis,
1290 507 1363 590 cujus

175 603 287 665 devote
303 605 473 688 pervcnitis
489 606 521 667 in
538 606 627 668 terris
642 606 726 670 diem
742 604 998 690 sollempnitatis.
1055 607 1192 672 Amen.

221 705 320 791 Ipsius
346 730 469 792 quoque
496 708 675 772 interventu
691 708 810 794 queatis
834 706 990 771 scandere
1013 710 1091 774 alta
1113 712 1291 790 coelorum,
1313 736 1361 798 quo

174 809 322 894 processit
343 810 426 872 idern
447 834 502 896 per
523 812 622 875 crucis
644 812 816 898 passionem
842 811 1011 895 sequendo
1037 813 1243 878 Dominum
1264 817 1363 902 magis·

176 926 269 974 trum.
316 913 430 976 Arnen.

221 1015 312 1094 Quod
328 1016 401 1102 ipse.
448 1018 562 1080 Annii.
654 1017 846 1082 Benedictio.

473 1190 644 1254 Benedictio
661 1193 694 1254 in
709 1193 757 1254 die
773 1189 878 1254 Sancti
892 1189 1050 1254 Andreoe.

222 1329 317 1405 Deus,
343 1328 397 1413 qui
420 1329 546 1392 beatum
570 1329 730 1393 Andrean
755 1327 928 1415 apostolum
952 1351 1015 1413 per
1042 1332 1248 1416 passionem
1275 1336 1362 1399 erucis

176 1431 216 1493 nd
242 1431 328 1494 sedes
353 1432 459 1494 evexit
485 1432 641 1510 aethereas
669 1433 734 1517 ipse
759 1431 847 1495 vobis
872 1429 994 1493 tribuat
1027 1433 1207 1500 bonorum
1240 1462 1360 1526 operum

177 1533 310 1595 eundern
327 1533 413 1617 sequi
429 1534 578 1620 vestigiis.
625 1535 739 1597 Anien.

223 1636 264 1698 Et
282 1660 374 1720 quem
401 1638 589 1720 peculiarem
614 1637 755 1723 optinere
780 1634 934 1699 meruistis
957 1649 1162 1721 patronum,
1181 1643 1257 1729 ipso
1273 1645 1360 1707 inter·

176 1739 305 1803 cedente
326 1739 453 1802 valeatis
478 1740 517 1802 ad
536 1741 646 1803 celeste
667 1740 798 1803 feliciter
817 1738 996 1826 pertingere
1013 1763 1188 1827 regnum:
1214 1748 1360 1810 eundern·

177 1867 237 1928 que
252 1841 433 1905 mereamini
449 1842 556 1905 videre
577 1843 611 1904 in
632 1843 716 1906 coelis
731 1856 923 1929 regnantem,
941 1842 1036 1925 cujus
1053 1849 1275 1931 gratulanter
1290 1851 1360 1914 cele·

177 1947 271 2009 bratis
286 1946 578 2030 sollempnissinnun
594 1947 686 2009 diem.
733 1948 846 2009 Amen.

224 2049 315 2126 Quod
331 2048 404 2132 ipse.
452 2049 565 2111 Amen.
658 2049 848 2113 Benedictio

531 2222 572 2283 In
589 2223 692 2286 rzotnle
707 2224 798 2284 terrina
814 2219 967 2306 Apostoli.

222 2358 317 2437 Dein,
345 2359 399 2444 qui
426 2383 481 2421 vos
507 2358 540 2420 in
567 2360 742 2444 apostolicis
772 2358 883 2422 tribuit
912 2356 1086 2423 consistere
1120 2362 1354 2446 fundamentis,

176 2461 358 2526 benedicere
385 2485 440 2524 vos
466 2462 614 2548 dignetru·
643 2462 726 2525 beati
743 2460 888 2548 Apostoli
914 2459 961 2522 sui
994 2459 1043 2522 Ill.
1074 2463 1355 2535 intercedentibus

177 2564 303 2628 meritis.
351 2565 465 2628 Amen.

221 2669 438 2754 Defendatque
453 2691 509 2765 ros
524 2692 542 2730 a
557 2668 677 2731 cunctis
692 2667 827 2730 adversis
847 2665 1023 2752 apostolicis
1039 2671 1210 2754 presidiis,
1228 2678 1286 2762 qui
1302 2701 1353 2740 vos

178 2796 283 2834 eorum
299 2772 400 2834 voluit
416 2771 518 2834 ornari
534 2784 565 2833 et
581 2770 737 2832 munerari
752 2770 904 2855 exemplis
919 2782 951 2831 et
966 2769 1186 2840 documentis,
1237 2780 1351 2843 Amen.

223 2876 291 2954 Quo
317 2899 372 2960 per
401 2898 508 2938 eorum
535 2872 785 2935 intercessionem
809 2871 997 2958 perveniatis
1021 2873 1062 2935 ad
1090 2888 1218 2944 aeterne
1243 2883 1350 2968 patn'ae

176 2976 381 3040 hereditatem
395 3001 451 3064 per
466 3000 597 3063 quorum
615 2974 787 3037 doctrinam
803 2975 914 3038 tenetis
930 2973 1004 3037 fidei
1020 2974 1263 3065 integritatem.

224 3080 315 3157 Quod
330 3080 403 3164 ipse.
450 3081 564 3143 Arnen.
656 3079 848 3141 Benedictio

419 3254 462 3314 In
477 3252 579 3316 nutele
594 3252 685 3312 unius
701 3252 862 3336 dsnrtynis.
907 3250 1095 3313 Benedictio.

222 3387 311 3450 Beati
327 3389 471 3473 martyris
486 3389 533 3451 tui
549 3388 765 3450 intercessione
786 3411 841 3450 vos
867 3385 1021 3451 Dominus
1045 3387 1234 3474 benedicat,
1258 3411 1291 3462 et
1311 3399 1348 3462 ab

178 3492 263 3553 omni
279 3493 360 3555 malo
377 3492 538 3554 defendat:
563 3489 711 3552 extendat
726 3491 760 3553 in
775 3514 830 3554 vos
846 3491 1006 3553 dexteram
1018 3512 1080 3553 suae
1091 3497 1346 3582 propitiationis,

178 3593 231 3676 qui
246 3619 317 3657 eum
334 3595 467 3679 suscepit
481 3619 536 3681 per
552 3591 703 3677 supplicia
718 3593 874 3680 passionis.

223 3697 291 3774 Quo
316 3697 382 3778 ejus
404 3696 437 3756 in
462 3698 539 3759 coelo
562 3696 744 3758 mereamini
759 3698 872 3761 habere
888 3695 1090 3775 consortium,
1107 3702 1205 3786 cujus
1222 3707 1347 3772 devotis

178 3798 333 3860 mentibus
349 3796 381 3857 in
397 3809 478 3859 terra
493 3795 653 3861 celebratis
668 3796 872 3883 triumphum.
919 3796 1032 3858 Arnen.

224 3899 314 3976 Quod
329 3899 403 3983 ipse.
449 3900 563 3962 Amen.
654 3898 846 3962 Benedictio

505 4071 548 4130 In
563 4067 666 4129 natale
682 4070 773 4130 nnius
794 4071 988 4157 Confecsonis.

225 4199 428 4283 Omnipotens
438 4202 523 4265 Deus
534 4203 587 4264 det
599 4200 687 4261 vobis
699 4203 853 4285 copiosam
865 4206 1127 4287 benedictionem,
1139 4213 1197 4296 qui
1210 4217 1346 4284 beatum

181 4294 227 4356 lll.
245 4299 374 4360 adscivit
391 4302 449 4361 sibi
465 4304 580 4365 virtute
597 4301 801 4367 confessionis.
850 4309 962 4370 Amen.
