2866 4934
213 1054 722 1152 rourtrrolte
777 996 1355 1202 retenturi-ign,

413 1371 718 1431 ARCHIEPISOOPI
737 1372 1020 1432 EBORAOENSIS.

516 1961 723 2031 Onnrnrmo
740 1965 919 2029 Errscorr.

181 2129 355 2217 Eprbcopns
370 2155 438 2196 cunt
453 2136 627 2214 ordinatur,
641 2140 701 2201 dno
717 2137 866 2223 Episcopi
875 2145 998 2222 ponunt
1012 2145 1041 2198 et
1056 2144 1176 2196 teneant
1187 2132 1293 2196 Euan-

135 2232 288 2319 9eliornm
311 2234 424 2299 librum
444 2260 536 2323 snper
560 2241 702 2303 ceruicem
726 2241 800 2326 ejus,
822 2251 851 2303 et
873 2261 952 2301 nnnc
968 2238 1088 2323 fiendot
1108 2258 1201 2321 snper
1224 2258 1294 2307 enm

138 2336 382 2416 benedictionem,
407 2351 436 2404 ct
456 2351 562 2426 posteo
585 2342 659 2406 istus
678 2355 737 2408 tres
754 2344 904 2406 ocutiones
930 2362 1031 2404 ornnes
1055 2339 1215 2424 Episcopi,
1240 2339 1295 2423 qni

138 2440 261 2519 adsum,
283 2443 410 2507 recitare
430 2445 552 2520 debent;
575 2445 688 2531 reliqui
702 2467 771 2510 nero
792 2468 902 2508 monus
916 2467 988 2508 cuns
1007 2465 1100 2528 snper
1117 2453 1210 2528 capnt
1229 2444 1293 2528 ejus

138 2551 268 2605 teneant.

184 2675 325 2755 Oremus,
338 2677 531 2742 dilectissimi
542 2681 643 2759 nobis,
655 2694 692 2744 ut
706 2681 782 2745 huic
794 2682 862 2745 viro
874 2682 922 2745 Ill.
935 2682 974 2745 ad
986 2681 1156 2745 utilitatem
1168 2679 1292 2744 AEcole·

135 2778 188 2844 siae
211 2781 412 2867 provehendo
433 2783 612 2871 benignitas
632 2784 864 2872 Omnipotentis
886 2785 946 2849 Dei
967 2784 1075 2872 gratiae
1095 2807 1156 2848 suoe
1174 2783 1293 2848 tribuat

137 2884 325 2972 largitatem.
372 2885 439 2950 Per.

629 3062 710 3127 Item
725 3062 799 3126 ulio.

179 3192 300 3257 Adesto
329 3196 607 3282 supplicationibus
637 3199 749 3262 nostris
782 3198 989 3283 Omnipotens
1019 3196 1114 3275 Deus,
1145 3209 1177 3261 et
1206 3197 1292 3282 quod

135 3296 323 3361 humilitatis
353 3312 464 3363 nostroe
489 3301 661 3386 gerendum
694 3314 741 3366 est
771 3300 955 3378 ministerio,
987 3312 1048 3363 tuae
1077 3299 1204 3363 virtutis
1233 3300 1291 3362 im·

134 3400 258 3486 pleatur
272 3399 395 3465 affectu.
441 3401 509 3466 Pcr.

670 3576 758 3640 Alio.

181 3707 365 3796 Propitinre,
383 3709 529 3787 Domine,
546 3709 826 3796 supplicationibus
846 3709 969 3787 nostris,
985 3720 1017 3772 et
1031 3708 1181 3771 inclinato
1199 3730 1291 3793 super

134 3809 220 3873 hune
241 3811 393 3874 famulum
417 3824 508 3875 tuum
526 3812 575 3876 lll.
597 3835 696 3876 cornu
716 3812 825 3901 grntiae
844 3809 1050 3887 sacerdotalis,
1064 3809 1291 3874 benedictionis

134 3926 195 3976 tuae
210 3914 243 3977 in
259 3937 332 3977 eum
348 3913 474 3978 effunde
490 3914 650 3978 virtutem.
697 3917 765 3980 Per.

668 4087 757 4152 Alio.

179 4220 316 4299 Exaudi,
335 4221 481 4302 Domine,
501 4223 678 4312 supplicum
697 4246 814 4310 preces,
831 4233 867 4285 ut
888 4221 972 4307 quod
992 4231 1097 4284 nostro
1117 4223 1290 4308 gerendum

131 4337 178 4388 est
193 4326 379 4406 ministerio,
395 4340 450 4392 tua
465 4329 570 4416 potius
585 4327 703 4393 virtute
718 4328 870 4392 firmetur.
917 4325 985 4389 Per.

687 4451 709 4494 Β
