2866 4934
508 423 753 471 PoN'rlrchLn
770 424 987 470 ECGBERHTI.

702 667 791 728 Alia.

216 800 387 864 Benedicat
402 823 456 864 vos
471 801 562 863 Pater
577 812 608 864 et
621 799 722 864 Filius
737 813 769 864 et
788 800 922 887 Spiritus
941 799 1080 876 Sanctus,
1094 798 1147 884 qui
1163 798 1264 861 trinus
1279 809 1323 860 est

170 905 206 967 in
219 926 352 968 numero
366 916 398 968 et
411 925 495 967 unus
508 903 543 965 in
558 902 694 966 nomine.

582 1076 759 1138 Benedictio
776 1075 914 1138 thalami.

215 1212 364 1291 Benedic,
382 1212 529 1289 Domine,
546 1210 719 1275 thalamum
735 1211 805 1288 hoc,
822 1223 853 1274 ct
869 1234 976 1273 omnes
990 1211 1165 1274 habitantes
1180 1209 1212 1271 in
1229 1233 1276 1286 ec,
1288 1221 1324 1271 ut

170 1318 205 1380 in
220 1340 325 1381 amore
340 1329 395 1380 tuo
411 1316 531 1393 vivant,
542 1327 573 1378 et
588 1326 758 1392 senescant,
771 1326 802 1377 et
814 1313 1063 1399 multiplicentur
1077 1313 1111 1374 in
1126 1311 1324 1398 longitudine

172 1421 303 1485 dierum.
351 1421 410 1483 Per
426 1420 609 1482 Dominum.

706 1590 794 1654 Alio.

217 1726 366 1805 Benedic,
380 1726 528 1804 Domine,
540 1726 615 1790 istos
630 1726 887 1802 adulescentulos,
900 1727 980 1788 sicut
992 1724 1180 1789 benedixisti
1194 1723 1323 1787 Tobiam

173 1842 206 1894 et
220 1829 342 1895 Sarram
359 1829 456 1893 filiam
474 1829 637 1916 Raguelis:
654 1829 698 1892 ita
712 1829 894 1893 benedicere
910 1828 1059 1915 digneris,
1077 1827 1224 1904 Domine,
1241 1839 1277 1889 ut
1292 1827 1326 1888 in

173 1933 301 1997 nomine
316 1944 372 1996 tuo
387 1933 508 2006 vivant,
525 1944 557 1995 ct
571 1944 741 2008 senescant,
758 1944 789 1994 et
811 1930 1061 2016 multiplicentur
1076 1930 1109 1992 in
1125 1929 1325 2015 longitudine

173 2034 305 2097 dierum.
353 2035 420 2097 Per.

593 2207 771 2270 Benedictio
787 2206 905 2269 annali.

218 2342 345 2408 Creator
368 2354 400 2406 et
421 2353 618 2405 conservator
639 2341 771 2404 humani
791 2339 924 2428 generis,
941 2339 1032 2403 dator
1047 2339 1154 2427 gratiae
1169 2341 1326 2426 spiritalis,

173 2458 286 2510 aeterne
308 2445 403 2522 Deus,
424 2457 461 2508 tu
483 2444 630 2530 permitte
656 2444 808 2530 Spiritum
842 2443 990 2506 Sanctum
1021 2443 1208 2508 Paraclitum
1237 2468 1328 2531 super

172 2548 258 2613 hunc
273 2550 412 2613 anulum.
460 2548 527 2611 Per,

616 2722 792 2785 Benedictio
809 2721 883 2784 lecti.

218 2860 365 2938 Benedic,
383 2860 530 2938 Domine,
554 2861 669 2924 lectum
685 2860 791 2937 istum,
808 2871 840 2921 et
855 2880 962 2921 omnes
984 2857 1160 2922 habitantes
1174 2859 1208 2921 in
1225 2884 1272 2938 eo,
1290 2874 1327 2924 ut

172 2963 212 3027 sit
235 2963 333 3027 ineis
357 2963 513 3041 sanctitas,
530 2975 562 3027 et
587 2963 721 3040 castitas,
746 2974 776 3025 et
796 2962 917 3039 lenitas,
941 2973 974 3024 et
995 2960 1159 3048 plenitudo
1182 2963 1271 3050 legis,
1295 2977 1327 3027 et

173 3067 350 3130 obedientia
367 3066 445 3143 Dec,
464 3067 549 3129 Patri
565 3079 596 3130 et
615 3066 745 3153 Spiritui
765 3065 887 3129 Sancto.
935 3065 1002 3129 Per.

218 3169 390 3232 Benedicat
414 3182 445 3232 te
470 3168 555 3231 Deus
581 3171 683 3246 Pater,
707 3181 793 3231 sanet
817 3182 848 3231 te
876 3168 937 3232 Dei
965 3169 1075 3246 Filius,
1098 3168 1269 3234 inluminet
1296 3185 1327 3236 te

177 3271 310 3359 Spiritus
338 3271 479 3350 SanctuS,
501 3294 612 3358 corpus
638 3284 728 3335 tuum
754 3272 918 3350 custodiat,
942 3273 1079 3335 animam
1104 3285 1191 3336 tuam
1216 3275 1325 3353 salvet,

173 3387 331 3439 cortuum
347 3373 491 3451 inradiet,
507 3397 630 3438 sensum
646 3386 737 3438 tuum
753 3374 879 3461 dirigat,
896 3384 928 3437 et
942 3374 982 3437 ad
998 3397 1163 3460 supernam
1179 3376 1278 3440 vitam
1294 3391 1326 3441 te

172 3478 330 3566 perducat.
379 3479 446 3542 Per.

216 3583 400 3647 Benedictio
416 3580 546 3644 Domini
568 3581 608 3645 sit
630 3605 721 3667 super
743 3604 874 3645 uxorem
897 3592 994 3657 tuam,
1011 3593 1043 3644 et
1065 3603 1157 3666 super
1179 3595 1323 3669 parentes

172 3700 299 3764 vestroe,
319 3698 356 3750 ut
371 3684 503 3749 videatis
519 3683 598 3748 filios
617 3697 734 3748 vestros
748 3696 780 3748 et
794 3683 875 3759 filios
889 3682 1026 3746 filiorum
1039 3696 1213 3748 vestrorum
1228 3710 1325 3772 usque

171 3789 206 3853 in
217 3790 341 3853 tertiam
354 3801 386 3852 et
396 3800 538 3874 quartam
550 3787 795 3874 generationem,
808 3797 840 3850 et
851 3785 891 3849 sit
903 3807 1008 3848 semen
1024 3799 1162 3850 vestrum
1179 3789 1323 3854 benedic-

172 3905 240 3957 tum
257 3918 275 3956 a
290 3894 359 3956 Deo
376 3891 481 3969 Israel,
498 3891 552 3977 qui
567 3903 678 3977 regnat
693 3890 727 3953 in
743 3891 853 3954 saecula
868 3889 1059 3953 saeculorum.
1105 3891 1220 3955 Amen.

184 4116 413 4180 BENEDIOTIO
430 4131 543 4178 POTUS
559 4132 590 4179 SI
607 4132 679 4178 MUS
694 4132 766 4178 AUT
782 4128 976 4177 MUSTELLA
991 4128 1182 4178 MERGITUR
1197 4134 1314 4180 INTUS.

218 4286 366 4362 Benedic,
383 4284 531 4362 Domine,
553 4284 639 4348 hunc
661 4296 783 4370 potum,
805 4295 837 4347 et
858 4282 924 4344 haec
944 4304 1016 4345 vasa
1036 4281 1116 4346 sicut
1136 4285 1325 4351 benedixisti

172 4410 227 4449 sex
242 4387 345 4471 ydrias
359 4385 496 4470 lapideas
518 4386 674 4472 capientes
694 4398 838 4449 metretas
861 4383 950 4448 binas
964 4384 1015 4447 vel
1037 4397 1149 4465 ternas,
1167 4402 1198 4451 et
1213 4390 1324 4454 vinum
1388 4452 1390 4457 .
