2866 4934
514 372 815 456 BENEDIOTIONES.

286 651 454 714 Dominico
469 653 508 737 vj.
522 662 596 737 port
609 651 812 716 Pentecosten.
857 652 1043 715 Benedictio.

133 769 291 833 Amoveat
320 794 337 834 a
366 771 457 835 vobis
487 771 641 834 Dominus
670 771 766 835 totius
795 771 931 834 maculas
959 767 1179 847 simulationis,
1210 781 1241 832 et

86 872 208 935 imbuat
222 896 277 934 vos
291 874 473 939 muneribus
487 897 565 961 pure
580 874 765 937 dilectionis,
811 875 927 938 Arnen.

134 970 287 1057 Subjuget
308 971 343 1034 in
362 973 452 1037 vobis
474 973 710 1036 reluctationem
732 973 833 1036 carnis
855 984 887 1036 et
907 971 1077 1058 sanguinis,
1097 983 1129 1034 et
1149 994 1240 1056 opem

88 1073 225 1137 conferat
239 1088 388 1160 perpetue
403 1075 548 1138 caritatis.
593 1076 710 1139 Amen.

132 1176 232 1265 quue
255 1200 311 1240 vos
336 1177 370 1240 in
396 1179 533 1264 presenti
558 1180 660 1243 seculo
685 1179 817 1266 diligere
842 1179 934 1243 faciat
959 1178 1043 1265 quod
1067 1202 1085 1242 a
1109 1179 1241 1243 coelestis

86 1280 220 1364 paradisi
235 1280 406 1344 hereditate
422 1305 486 1345 non
501 1281 626 1345 dividit.
645 1335 647 1340 ,
671 1282 788 1346 Amen.

134 1383 224 1461 Quod
238 1383 313 1469 ipse.
359 1384 475 1467 Amen.
522 1385 714 1449 Benedictio¹
761 1386 877 1449 Amen.

283 1555 454 1620 Dominioo
469 1558 521 1642 cij.
532 1569 606 1642 post
620 1559 823 1622 Pentecosten.
868 1558 1055 1622 Benedictio.

133 1692 268 1755 Inclinet
284 1692 439 1756 Dominus
454 1716 561 1757 aurem
577 1716 663 1756 suam
679 1694 719 1757 ad
734 1717 840 1780 preces
861 1706 972 1757 nostrae
991 1694 1191 1774 humilitatis,
1210 1707 1242 1758 et

88 1795 142 1858 det
170 1796 259 1860 vobis
289 1796 423 1882 gratiam
452 1819 516 1859 suae
544 1796 780 1874 benedictionis,
809 1809 840 1860 et
868 1797 1025 1882 premium
1056 1798 1241 1883 sempiterne

88 1898 203 1962 salutis.
249 1899 364 1962 Amen.

135 2002 262 2089 Semper
272 2014 304 2065 et
315 2001 431 2087 ubique
444 2003 617 2066 Dominum
629 2003 801 2089 propitium
813 2001 962 2080 habeatis,
976 2014 1007 2066 et
1019 2003 1085 2086 ejus
1096 2002 1241 2067 laudibus

88 2106 244 2170 exultetis.
289 2107 405 2170 Amen.

134 2209 282 2273 Omnium
307 2221 505 2296 peccatorum
526 2221 699 2272 vestrorum
716 2208 844 2275 vincula
864 2208 974 2284 solvat,
996 2208 1087 2270 etad
1108 2208 1240 2294 gloriam

89 2313 307 2398 sempiternam
322 2312 485 2399 pervenire
500 2334 555 2374 vos
570 2310 671 2374 faciat.

134 2417 225 2495 Quod
240 2417 314 2503 ipse.
360 2416 476 2478 Amen.
523 2413 715 2479 BenedictiO.
761 2414 876 2477 Amen.

271 2589 440 2651 Dominice
455 2589 520 2671 ciij.
530 2598 605 2672 post
619 2587 822 2650 Pentecosten.
866 2586 1053 2649 Benedictio.

137 2724 315 2790 Sanctificet
327 2749 382 2789 vos
394 2725 526 2788 Domini
537 2724 648 2811 gratia,
656 2737 687 2788 ct
696 2725 735 2788 ab
747 2723 833 2787 omni
845 2725 928 2787 malo
938 2724 1101 2787 custodiat.
1125 2723 1240 2788 Amen.

131 2830 248 2893 Arceat
267 2853 285 2893 a
305 2829 394 2893 vobis
413 2852 506 2891 omne
526 2828 610 2913 quod
630 2829 749 2891 malum
770 2839 825 2904 est,
847 2839 879 2891 et
898 2826 1024 2913 spiritus
1039 2838 1156 2890 vestros
1175 2851 1241 2890 cor-

89 2956 224 3019 poraque
238 2931 392 3019 purificet.
437 2932 552 2995 Amen.

133 3036 257 3122 Alliget
271 3059 327 3098 vos
341 3034 400 3099 sibi
414 3034 542 3097 vinculo
558 3033 704 3110 caritatis,
722 3045 754 3097 et
771 3057 835 3119 pax
855 3034 922 3117 ejus
941 3033 1102 3098 habundet
1122 3032 1156 3095 in
1176 3056 1242 3096 cor-

90 3138 180 3203 dibus
195 3139 314 3202 vestris.
359 3139 474 3202 Amen.

136 3242 226 3322 Quod
241 3243 315 3328 ipse.
361 3242 477 3305 Arnen.

135 3345 327 3409 Benedictio.
373 3344 487 3406 Amen.

272 3516 440 3579 Dominico
456 3514 532 3599 viiij.
543 3523 618 3598 post
631 3512 835 3575 Pentecosten.
880 3512 1067 3576 Benedictio.

135 3651 328 3738 Multiplicet
350 3650 384 3711 in
409 3649 497 3713 vobis
522 3647 678 3712 Dominus
702 3646 824 3741 copiam
848 3646 1084 3724 benedictionis
1109 3659 1141 3709 et
1171 3670 1243 3710 con·

92 3756 195 3819 firmet
209 3777 265 3817 vos
280 3753 314 3816 in
330 3775 382 3838 spe
397 3751 488 3838 regni
504 3750 632 3816 celestis.
678 3749 793 3812 Amen.

136 3858 237 3921 Actus
251 3867 368 3919 vestros
383 3854 528 3940 corrigat,
544 3854 643 3916 vitam
659 3850 814 3927 emendet,
831 3873 931 3914 mores
946 3861 1124 3937 componat,
1141 3862 1173 3914 et
1187 3874 1243 3915 vos

92 3962 131 4025 ad
146 3959 277 4025 coelestis
291 3958 435 4043 paradysi
449 3956 656 4020 hereditatem
671 3953 829 4039 perducat.
875 3953 990 4016 Amen.

137 4065 245 4148 anue
260 4060 443 4124 inventione
459 4057 572 4144 repleri
583 4055 712 4120 valeatis
724 4078 785 4140 qua
800 4055 829 4117 ei
844 4053 878 4118 in
889 4066 1076 4141 perpetuum
1088 4054 1243 4141 placeatis.

93 4166 209 4230 Amen.

138 4269 229 4348 Quod
244 4268 319 4354 ipse.
365 4265 480 4327 Amen.

138 4371 330 4435 Benedictio.
377 4368 491 4431 Amen.
