2866 4934
132 378 177 439 40
471 389 719 439 ronrmcann
735 386 954 437 neannnnrr.

131 546 235 611 oleum
261 544 402 631 desuper,
421 558 532 609 votum
558 545 647 609 vovit
675 544 828 608 Domino:
866 541 950 609 Vera
975 540 1077 611 locus
1106 543 1175 609 iste
1195 555 1309 609 sanctus

131 662 188 728 est,
204 660 236 713 et
251 670 310 734 ego
325 647 509 712 nesciebam.

175 752 221 816 Et
236 773 329 837 saper
343 753 393 837 iiij
407 775 523 815 cornua
538 751 648 815 altaria
663 752 798 815 canendo
813 749 1014 835 onnJonam:

177 854 290 918 Erexit
305 854 406 918 Jacob
420 853 556 939 lapidem
572 854 606 917 in
622 852 762 930 titulum,
786 852 919 917 fundens
932 851 1045 915 oleum
1062 852 1221 945 desuper,
1243 879 1302 920 ιιιιιι

132 957 281 1022 Psalmo:
307 958 408 1039 Quam
424 957 547 1021 dilecta.

174 1061 219 1125 Et
243 1073 363 1148 aequet
385 1084 453 1125 cam
469 1084 565 1124 monn
579 1083 637 1124 eno
652 1061 754 1145 ipsum
771 1059 916 1145 lapidem,
937 1069 965 1122 et
988 1081 1121 1146 semper
1149 1064 1298 1127 incensam

130 1166 164 1228 in
194 1166 322 1231 circuita
352 1166 450 1251 ipsine
479 1164 589 1229 aitaris
620 1163 700 1226 alins
729 1164 867 1226 sacerdos
897 1163 993 1249 serat.
1046 1163 1143 1242 Post,
1185 1167 1296 1253 expleto

130 1269 269 1347 Psalmo,
281 1271 377 1332 mittit
390 1270 502 1332 iterum
517 1268 617 1331 oleam
631 1264 773 1329 similiter
787 1267 865 1328 sicut
874 1266 978 1352 prins,
995 1269 1144 1332 canendo
1158 1294 1169 1332 :

177 1370 391 1437 Sanctificavit
416 1371 570 1433 Dominus
593 1368 829 1435 tabernaculum
860 1391 970 1432 suum:
1002 1367 1073 1432 haec
1106 1382 1158 1434 est
1190 1372 1295 1437 domus

131 1474 202 1553 Dei,
229 1475 263 1537 in
288 1497 349 1559 qua
372 1473 537 1537 invocetur
562 1496 678 1537 nomen
704 1474 781 1557 ejus,
807 1472 847 1536 dc
871 1495 932 1558 qua
950 1470 1106 1558 scriptum
1128 1487 1201 1540 est:
1231 1477 1296 1541 Erit

130 1600 245 1640 nomen
261 1599 367 1639 meum
382 1575 438 1653 ibi,
454 1575 532 1639 dicit
547 1576 711 1639 Dominus.
756 1575 843 1639 Deus
856 1586 961 1639 noster
975 1573 1154 1662 refugium.

174 1681 250 1766 Ipso
266 1680 395 1765 expleto,
412 1681 506 1743 mittit
520 1681 684 1744 chrismam
699 1679 840 1743 similiter
852 1680 1006 1743 canendo:

174 1782 252 1847 Ant.
286 1781 368 1846 Ecce
398 1780 476 1845 odor
504 1783 562 1845 filii
593 1782 656 1846 mei
682 1782 763 1846 sicut
793 1782 871 1845 odor
899 1780 968 1868 agri
997 1803 1094 1867 quem
1128 1784 1294 1851 benedixit

132 1885 296 1950 Dominus.

172 1989 327 2053 Prolatae.
351 1987 570 2057 Fundamenta
585 1989 660 2072 ejus.

173 2092 296 2156 Deinde
325 2093 360 2155 in
389 2091 518 2154 circuita
541 2091 677 2155 ιιιιίιιὶιι
695 2112 757 2176 per
777 2091 912 2175 parietes
928 2091 965 2154 de
988 2091 1100 2154 άιιιιιιι
1124 2094 1161 2156 in
1182 2096 1290 2160 denna

122 2195 243 2281 facins
273 2217 390 2259 uncam
415 2217 483 2258 cam
505 2194 618 2281 pollice
644 2195 680 2257 de
703 2195 769 2279 ipso
794 2193 955 2256 chrismate
966 2220 977 2269 ,·
1011 2205 1041 2259 et
1064 2197 1189 2261 υιιιίιιιι
1219 2210 1290 2262 ante

128 2299 236 2378 altore,
245 2300 348 2386 saciat
361 2320 478 2363 crucem
492 2299 606 2362 incensi
620 2320 688 2360 cum
704 2295 855 2359 turribulo
870 2318 962 2382 snper
976 2318 1053 2361 eam.

173 2403 251 2466 Ant.
276 2403 413 2488 Oquam
429 2400 616 2464 metuendus
631 2411 677 2462 est
691 2399 777 2461 locus
801 2399 871 2477 iste,
896 2380 1049 2464 vere⁸non
1072 2414 1120 2466 est
1136 2401 1191 2467 hic
1209 2403 1289 2468 alius

130 2505 192 2569 nisi
207 2506 318 2570 domus
334 2505 405 2582 Dei,
422 2516 454 2567 et
468 2515 558 2590 porta
573 2501 652 2565 coeli.

174 2610 297 2674 Deinde
312 2610 406 2674 dicit:
432 2607 573 2673 Oramus.

174 2714 221 2777 Et
235 2715 380 2778 diaconas
395 2725 430 2776 at
444 2735 550 2799 supra.

173 2818 220 2880 Et
233 2819 307 2881 dicit
321 2819 490 2881 orationem
505 2817 567 2879 aive
582 2814 814 2877 benedictionem
829 2812 907 2877 iane
922 2836 1015 2899 anper
1030 2814 1141 2881 altare.

175 2919 236 2982 Dei
273 2919 372 2982 Patris
399 2917 631 3005 Omnipotentis
660 2915 916 2996 misericordiam,
949 2916 1144 2983 dilectissimi
1168 2920 1288 3003 fratres,

131 3019 343 3106 deprecemur,
364 3032 401 3082 ut
414 3020 475 3084 hoc
490 3021 584 3084 altare
608 3020 672 3108 (cel
684 3020 750 3083 haec
770 3019 895 3104 altaria)
917 3019 1074 3085 sacrificiis
1098 3023 1289 3110 spiritalibus

131 3122 384 3199 consecrandum,
400 3122 486 3185 vocis
500 3135 611 3186 nostrae
627 3123 845 3187 exornandum
866 3124 969 3187 officio
991 3127 1130 3210 presenti
1141 3129 1289 3195 benedic·

130 3225 217 3289 tione
232 3223 413 3301 sanctificet,
439 3236 475 3289 ut
500 3225 534 3287 in
549 3247 586 3288 eo
609 3225 673 3309 (cel
697 3224 757 3310 eis)
771 3248 892 3312 semper
907 3227 1078 3292 oblationes
1093 3229 1286 3303 famulorum

131 3327 379 3415 famularumque
404 3351 528 3391 suarum
544 3328 681 3392 studiosa
696 3327 863 3393 devotione
879 3329 1038 3416 impositas
1053 3332 1238 3400 benedicere
1253 3348 1286 3400 et

131 3430 321 3498 sanctificare
336 3431 495 3520 dignetur,
511 3443 544 3496 et
558 3430 690 3518 spiritali
701 3431 840 3518 placatus
850 3432 989 3512 incensa,
1004 3438 1146 3521 precanti
1161 3439 1287 3505 familiae

131 3558 193 3602 suae
207 3548 372 3626 promptus
383 3535 550 3602 exauditor
564 3534 701 3599 adsistat.
749 3534 817 3596 Per.
1279 3536 1282 3541 '

173 3642 255 3705 Item
270 3640 345 3702 dicit
353 3640 518 3726 ponnfea:
545 3637 688 3702 Oramus.

175 3745 221 3809 Et
235 3745 379 3808 diaconus
394 3755 548 3828 utsupra.

349 3996 495 4081 Sequitur
510 3992 672 4059 benedictio
690 3990 736 4055 vel
750 3989 931 4054 conceretio
946 3991 1065 4057 alteru.

176 4155 262 4218 Deus
279 4154 494 4242 Omnipotens,
510 4155 544 4217 in
560 4155 650 4236 cujus
664 4153 783 4216 honore
797 4145 858 4208 hoc
872 4147 968 4213 altare
989 4149 1052 4235 (vel
1074 4152 1141 4218 haec
1161 4156 1290 4246 altaria)

131 4256 189 4319 sub
213 4255 411 4319 invocatione
435 4257 483 4319 tui
507 4254 644 4318 nominis
670 4271 894 4326 consecramus,
911 4251 1047 4316 clemens
1072 4266 1105 4319 et
1129 4261 1291 4347 propitius

129 4377 235 4438 preces
249 4363 360 4415 nostrae
373 4353 560 4418 humilitatis
575 4354 710 4429 exaudi;
734 4363 766 4416 et
791 4361 903 4433 presta,
929 4365 965 4416 ut
990 4354 1024 4416 in
1048 4355 1107 4420 hac
1131 4360 1197 4444 (oei
1221 4364 1290 4451 his)
