2866 4934
515 429 811 475 BENEDIOTIONES.

298 670 476 732 Benedictio
492 672 662 755 vespertino
678 673 714 733 dc
730 672 889 734 cotidianis
904 671 1016 733 dicim.

127 787 180 850 Ad
207 789 441 853 custodiendam
468 813 597 876 gregem
623 790 705 853 hanc
727 791 914 868 animarum,
936 803 1038 877 pastor
1064 791 1155 866 bone,
1181 783 1235 874 qui

81 889 216 954 dormire
231 893 339 970 nescis,
355 893 497 978 invigila.
543 893 657 955 Amen.

123 993 165 1055 Et
187 1017 227 1056 ne
249 995 409 1058 nocturnis
433 995 600 1058 terroribus
616 996 797 1083 fatigentur,
815 997 948 1060 coelestia
969 1020 1060 1083 super
1081 1019 1132 1059 eos
1146 994 1230 1056 vela-

81 1109 187 1160 menta
201 1099 360 1183 pretende.
406 1098 521 1161 Amen.

125 1200 300 1264 Humiliata
324 1201 383 1265 tibi
398 1201 540 1264 omnium
556 1202 656 1287 capita
675 1202 803 1265 dextera
826 1215 887 1265 tuae
902 1201 1126 1265 benedictionis
1149 1219 1234 1262 sauc-

80 1300 173 1365 tifioa.
220 1303 335 1367 Amen.

126 1405 183 1469 Ille
198 1430 253 1469 vos
272 1407 438 1470 benedicat
462 1406 501 1469 dc
525 1407 618 1484 coelis,
636 1408 690 1492 qui
711 1431 766 1493 per
786 1431 909 1472 crucem
928 1407 1077 1493 passionis
1097 1429 1158 1468 suae
1177 1428 1233 1466 vos

79 1508 206 1571 redimit
221 1509 255 1571 in
270 1511 368 1573 terrie.

125 1611 184 1675 Cui
211 1626 256 1676 est
281 1613 381 1676 honor
411 1624 443 1677 et
472 1612 649 1699 imperium,
675 1638 808 1700 regnum
833 1628 865 1678 et
894 1626 1038 1700 potestas,
1060 1613 1094 1674 in
1124 1610 1233 1674 saecula

79 1716 269 1779 saeculorum.
315 1717 431 1780 Amen.

126 1819 307 1911 Benedictio
325 1819 395 1896 Dei,
415 1819 523 1881 Patris.

261 1992 430 2054 Dominica
445 2016 471 2053 o.
488 1994 524 2054 do
538 1992 685 2056 Adventu
700 2005 769 2055 onte
785 1993 887 2056 notaio
902 1993 1044 2055 Domini.

126 2125 283 2190 Concedat
294 2126 383 2191 vobis
395 2126 549 2190 Dominus
563 2127 718 2213 premium
735 2127 939 2190 sincerissime
954 2125 1100 2202 caritatis,
1113 2139 1149 2187 ut
1160 2149 1232 2187 cum

80 2229 225 2292 omnibus
240 2252 360 2317 semper
375 2229 409 2291 in
424 2253 500 2317 pace
515 2230 637 2293 vivatis.
683 2229 798 2293 Arnen.

125 2332 328 2395 Inimicorum
356 2332 498 2395 omnium
528 2332 656 2396 insidias
685 2333 844 2418 superetis,
873 2345 905 2396 et
929 2344 1104 2418 presentem
1134 2331 1232 2392 vitam

80 2434 283 2498 sincerissime
298 2435 462 2521 peragatis.
508 2435 624 2498 Amen.

128 2538 201 2601 Sitis
217 2539 310 2602 etiam
327 2562 344 2600 a
360 2552 448 2601 reatu
460 2538 647 2601 conscientie
662 2539 795 2614 liberati,
808 2551 844 2601 ut
859 2538 958 2601 nichil
973 2537 1119 2600 metuatis
1133 2536 1167 2598 in
1183 2536 1233 2598 die

76 2640 191 2722 judicii
205 2653 275 2726 post
290 2641 397 2703 futuri.
444 2640 558 2702 Amen.

128 2743 227 2821 Quod.
317 2742 508 2806 Benedictio.

355 2915 523 2978 Dominico
537 2917 595 3002 iiij.
612 2929 680 2979 cato
695 2918 798 2981 notaio
812 2918 953 2980 Domini.

127 3051 332 3139 Omnipotens
363 3053 448 3116 Deus
477 3053 565 3136 cujus
594 3052 762 3139 Unigeniti
787 3055 958 3117 adventum
989 3067 1021 3118 et
1049 3056 1233 3140 preteritum

81 3155 215 3233 creditis,
241 3168 276 3219 ct
297 3156 437 3218 futurum
463 3157 643 3242 expectatis,
669 3158 870 3242 ejusdemque
894 3159 1046 3222 adventus
1073 3182 1128 3222 vos
1150 3159 1235 3221 illus-

80 3258 214 3321 tratione
229 3281 283 3320 sua
299 3257 479 3336 sanctificet,
495 3271 526 3323 et
542 3283 595 3323 sua
609 3260 827 3324 benedictione
842 3262 1020 3347 locupletet.
1066 3262 1181 3325 Amen.

126 3361 163 3421 ln
178 3360 330 3445 presentis
344 3361 418 3423 vitae
434 3361 533 3425 stadio
549 3385 604 3424 vos
620 3362 659 3425 ab
674 3363 761 3425 omni
776 3363 963 3427 adversitate
980 3365 1137 3442 defendat,
1154 3377 1186 3428 et
1204 3389 1235 3429 se

81 3463 170 3525 vobis
186 3463 219 3524 in
231 3463 354 3547 judicio
369 3464 556 3549 placabilem
572 3463 724 3527 ostendat.
770 3466 886 3528 Amen.

127 3566 195 3644 Quo
222 3588 239 3628 a
265 3565 386 3629 cunctis
411 3577 610 3650 peccatorum
634 3567 788 3652 contagiis
811 3567 945 3644 liberati,
968 3567 1052 3629 illius
1079 3569 1234 3630 tremendi

81 3668 236 3731 examinis
252 3667 336 3730 diem
353 3667 538 3754 exspectetis
553 3666 699 3729 interriti.
745 3669 861 3731 Amen.

128 3771 218 3849 Quod
234 3772 310 3856 ipsc.
357 3771 472 3833 Amen.

128 3874 321 3937 Benedictio.

362 4047 532 4109 Dominica
547 4044 592 4130 iij.
610 4055 679 4106 aare
694 4046 796 4109 natale
811 4047 953 4110 Domini.

127 4185 223 4262 Deus,
236 4183 325 4267 cujus
339 4181 492 4245 adventus
507 4177 722 4243 incarnatione
737 4177 903 4262 preteritus
918 4178 1064 4256 creditur,
1081 4193 1113 4244 et
1122 4181 1237 4266 judicii

80 4300 233 4350 venturus
253 4297 461 4372 exspectatur,
478 4307 534 4347 vos
549 4296 717 4367 antequam
733 4280 841 4344 veniat
863 4281 969 4367 expiet
993 4282 1032 4345 al>
1046 4285 1142 4347 ‘omni
1164 4311 1237 4350 con-

83 4390 211 4476 tagione
227 4390 345 4453 delicti.
391 4391 506 4452 Amen.

649 4505 672 4550 G
