2866 4934
485 358 730 407 Posrlrtcxnn
745 353 969 403 ECGBERHTI.

415 515 456 575 la
474 517 522 577 die
539 515 646 579 Sancti
660 510 819 576 „llicheelis
834 507 1051 594 Arctanqeli.

189 627 360 695 Benedicat
376 655 431 695 vos
447 635 636 722 principimn
653 633 730 696 lucis
744 630 930 719 angelorum
945 652 1033 715 quos
1050 628 1119 693 sibi
1141 630 1289 693 concives
1301 642 1327 691 et

144 750 299 799 consortes¹
316 732 389 797 linit
405 736 439 799 in
455 739 581 802 sedibus
596 760 807 825 supernorum.
853 734 973 796 Amen.

189 846 328 919 Quorum
360 841 641 904 arnruinistratione
663 838 822 902 muniatur
850 836 885 898 in
915 835 1015 899 terris
1048 835 1128 900 vita
1162 848 1280 913 vestra,
1300 852 1331 899 ut

147 940 267 1005 lilxerati
283 939 321 1003 ab
336 939 479 1005 hostibus
490 943 664 1007 visibilibus
679 957 709 1006 et
722 939 932 1004 invisibilibus
943 940 1155 1003 mereamini
1171 940 1332 1028 pervenire

147 1045 186 1109 ad
202 1045 320 1131 prumia
334 1058 458 1108 aterna.
505 1048 619 1109 Amen.

194 1149 279 1211 lnter
314 1171 446 1233 «prorum
486 1149 717 1213 venerationem
752 1143 948 1230 Archangeli
985 1143 1178 1211 Michaelis
1217 1147 1331 1211 suffirlti

148 1250 274 1313 auxiliis
298 1249 365 1331 ujus
390 1250 572 1313 memoriam
597 1248 758 1314 celebretis
781 1246 875 1310 hodie
896 1245 1116 1312 devotiaeirne
1133 1249 1176 1312 in
1192 1251 1289 1329 arvis,
1303 1264 1333 1312 ut

150 1355 232 1417 illius
248 1353 392 1415 salutate
408 1352 555 1415 fruamini
571 1355 605 1416 in
620 1352 716 1416 astris.

195 1456 284 1535 Quod
302 1456 373 1540 ipsc.
420 1456 535 1518 Amen.
626 1452 817 1519 Benedictio.
864 1451 981 1513 Amen.

379 1627 455 1690 Kal.
471 1629 665 1693 Novembris.
713 1626 860 1690 Omnium
875 1623 1086 1689 sancei-um.

195 1748 365 1813 Benelicat
382 1771 437 1810 vos
454 1749 539 1812 Deus
553 1749 716 1812 beatorum
737 1758 910 1830 martyrum
926 1766 1064 1808 suoram
1085 1746 1140 1811 Ill.
1161 1749 1329 1836 suffragiis,

151 1869 183 1917 ct
198 1852 305 1915 liberet
324 1875 378 1913 vos
392 1850 431 1913 ab
446 1852 686 1916 adversitatibus
700 1849 829 1913 cunctis.
875 1846 994 1910 Amen.

197 1954 403 2019 Cornnuuulet
429 1979 483 2015 ros
509 1979 617 2018 corum
643 1951 820 2017 intercessio
846 1950 993 2036 gloriosa,
1017 1975 1170 2037 quorum
1198 1956 1234 2019 in
1262 1979 1326 2020 con-

153 2080 257 2153 speetu
275 2067 340 2147 cius
356 2080 401 2127 cst
416 2089 499 2128 rnurs
514 2066 657 2151 pretiosa.
703 2065 818 2127 Amen.

202 2177 246 2239 llt
261 2177 340 2239 sieut
357 2176 403 2238 illi
418 2200 473 2262 per
488 2176 609 2240 diversa
625 2190 849 2240 tormentorum
865 2171 999 2235 eoelestis
1014 2175 1117 2260 regni
1133 2190 1216 2240 sunt
1229 2177 1324 2241 sortiti

154 2281 369 2356 hereditatem,
387 2280 429 2341 ita
445 2304 500 2342 vos
520 2303 627 2343 eorum
649 2276 831 2344 mereamini
856 2275 1051 2340 consortium
1079 2302 1142 2365 per
1170 2282 1320 2346 bonorum

154 2383 536 2472 (perumexliibitiorann.
584 2384 697 2446 Amen.

200 2488 291 2567 Quod
307 2488 379 2572 ipsc.
426 2487 541 2548 Amen.
632 2483 823 2548 Benedictio.
869 2481 986 2543 Amen.

242 2660 417 2723 naua-rto
435 2660 466 2721 ia
482 2659 530 2721 die
550 2658 696 2722 (linaium
712 2657 905 2731 Sarrctorum,
920 2655 982 2717 sive
997 2656 1043 2718 ad
1056 2679 1235 2744 vesperum.

201 2795 343 2861 Concede
356 2794 562 2879 Omnipotens
574 2794 659 2856 Deus
671 2807 706 2857 ut
716 2818 823 2858 omnes
833 2793 957 2857 ordines
968 2794 1139 2860 celestium
1150 2798 1313 2873 virtutum,

156 2914 321 2985 sauctaque
346 2899 405 2962 Dei
432 2897 577 2983 genetrix
599 2897 709 2974 Maria,
725 2911 758 2961 et
784 2897 882 2962 saneti
899 2897 1047 2981 Apostoli
1073 2900 1137 2978 tui,
1153 2913 1314 2986 martyres

156 3004 352 3079 conlissnrcs,
370 3001 517 3085 virgines,
530 3014 622 3086 cupre
638 3025 746 3064 omncs
761 3001 870 3077 saneti,
883 3023 1018 3086 quorum
1034 3000 1133 3066 hodie
1148 3003 1313 3090 gloriosam

156 3107 346 3169 celebramus
363 3104 573 3180 listivitatem,
591 3127 647 3165 nos
669 3127 790 3190 semper
805 3118 836 3168 et
851 3103 967 3189 ubique
982 3103 1153 3186 adjuvent,
1170 3107 1315 3193 quatinus

157 3235 263 3273 eorum
281 3209 436 3295 sull'ragiis
451 3208 548 3270 vitam
566 3231 673 3292 capere
688 3209 847 3272 valeamus
862 3221 1017 3270 [eternam.

201 3314 369 3376 Auxilium
399 3325 490 3375 tuum
520 3310 629 3396 populi
657 3310 714 3386 tui,
747 3310 893 3386 Domine,
920 3306 1068 3372 fidelibus
1096 3310 1259 3398 impende,
1285 3324 1315 3376 et

158 3417 418 3480 intercedentibus
430 3414 542 3478 sanctis
558 3414 619 3476 tuis
635 3436 767 3497 quorum
782 3413 934 3475 hodierna
945 3410 1123 3496 gaudemus
1136 3414 1315 3491 festivitate,

159 3524 205 3585 liu:
221 3545 277 3583 nos
297 3521 335 3582 ab
360 3519 444 3581 omni
469 3517 653 3581 adversitate
680 3516 815 3594 liberari,
831 3529 863 3578 et
885 3514 918 3576 in
939 3526 1054 3576 aeterna
1076 3514 1232 3582 felicitate
1246 3541 1316 3582 cum

159 3626 219 3688 illis
235 3623 340 3686 lutari.
386 3622 503 3684 Amen.

204 3728 298 3802 lleus,
324 3723 464 3785 omnium
495 3746 599 3785 rerum
624 3721 778 3799 eonditor,
805 3720 937 3783 humani
967 3719 1093 3804 generis
1117 3723 1317 3802 reformator,

158 3829 329 3895 cmlestium
352 3826 541 3888 terrestrium
566 3838 598 3888 et
624 3823 817 3888 inlernorum
841 3837 969 3899 creator,
997 3823 1146 3888 omnium
1172 3840 1206 3892 te
1232 3829 1320 3892 invo·

159 3932 298 3997 cantium
322 3930 360 3991 ab
391 3928 482 3991 initio
508 3927 619 3990 mundi
650 3928 825 4005 exauditor,
853 3928 893 3990 da
922 3925 1011 3989 nobis
1040 3924 1323 3997 intercessionibus

159 4058 266 4098 eorum
298 4030 439 4094 omnium
466 4031 590 4093 veniam
616 4029 827 4114 pecaminum‚
852 4043 889 4093 ut
912 4052 984 4091 eum
1009 4026 1073 4091 illis
1099 4031 1171 4096 sine
1198 4036 1322 4102 macula

159 4160 292 4223 regnum
308 4156 416 4217 capere
430 4133 588 4195 valeamus
603 4143 763 4194 aeternmn.

205 4239 262 4300 llle
277 4259 333 4297 vos
349 4235 519 4296 benedicat.
566 4235 681 4296 Amen.

206 4337 295 4415 Quod
313 4335 386 4417 ipse.
432 4335 547 4398 Amen.
637 4335 830 4397 Benedictio.
876 4338 990 4400 Amen.
