2866 4934
597 427 809 474 ORATIONES.

457 667 597 731 Onamo
613 685 757 731 cournn
772 684 952 731 rancores.

155 806 300 869 Primum
314 815 482 890 spargatur
497 829 580 891 aqua
595 806 757 882 benedicta,
774 816 803 868 et
811 815 920 891 postea
934 805 1055 866 dicatas
1070 805 1129 866 ista
1144 805 1251 866 oratic.

172 907 378 994 Omnipotens
399 907 587 994 sempiterne
602 907 698 986 Deus,
714 931 806 993 parce
829 905 1051 983 metuentibus,
1068 917 1100 969 et
1113 905 1282 991 propitiare

122 1009 328 1095 supplicibus,
352 1019 389 1072 ut
412 1022 481 1094 post
501 1009 613 1073 noxios
633 1009 722 1094 ignes
737 1009 881 1086 nubium,
898 1021 930 1073 et
945 1008 1011 1071 vim
1026 1010 1232 1095 procellarmn
1248 1010 1281 1072 in

127 1111 288 1175 materiam
303 1122 439 1174 transeat
454 1111 554 1173 laudis
571 1111 772 1174 comminatio
788 1109 957 1197 potestatis.
1005 1112 1073 1174 Per.

247 1350 388 1416 ORATIO
404 1368 518 1415 SUPER
534 1368 626 1415 VASA
642 1370 682 1416 IN
698 1368 791 1415 LOCO
808 1368 970 1422 ANTIQUO
987 1368 1164 1413 REPERTA.

173 1523 379 1610 Omnipotens
401 1523 587 1609 sempiterne
604 1524 699 1602 Deus,
715 1523 865 1587 inseerete
889 1523 999 1586 officiis
1021 1523 1143 1601 nostris,
1160 1534 1191 1586 et
1216 1523 1282 1586 haec

127 1623 262 1699 vaseula,
286 1633 351 1685 arte
381 1621 528 1685 fabricata
554 1623 733 1707 gentilium,
757 1622 956 1686 sublimitatis
986 1635 1047 1686 tuae
1073 1621 1212 1708 potentia
1238 1622 1282 1685 ita

128 1725 299 1789 emundare
314 1725 463 1812 digneris,
474 1736 511 1788 ut
526 1725 613 1787 omni
628 1725 819 1787 inmunditia
834 1725 972 1809 depulsa,
984 1726 1046 1788 sint
1062 1726 1124 1790 tuis
1138 1726 1282 1790 fidelibus

128 1840 267 1915 tempore
278 1829 363 1915 pacis
378 1840 471 1914 atque
487 1827 721 1913 tranquillitatis
736 1827 861 1891 utenda.
910 1829 978 1891 Per.

319 2069 458 2134 ORATIO
475 2088 540 2134 UBI
556 2087 790 2133 VESTIMENTA
806 2086 1103 2134 OONSERVANTUR.

175 2240 269 2319 Deus,
286 2240 341 2326 qui
356 2240 579 2305 famulantibus
601 2240 660 2304 tibi
682 2241 795 2304 mentis
817 2253 849 2304 et
864 2241 999 2327 corporis
1014 2241 1150 2304 subsidia
1164 2241 1281 2304 miseri-

130 2343 263 2408 corditer
277 2343 410 2429 largitio,
426 2356 538 2428 presta,
560 2367 744 2430 quaesumus,
761 2359 797 2406 ut
817 2367 885 2428 quae
904 2343 957 2406 hie
976 2343 1074 2429 pietas
1091 2355 1146 2405 tua
1161 2343 1194 2404 in
1209 2366 1283 2406 usus

130 2458 161 2509 et
186 2446 355 2511 necessaria
381 2470 546 2533 corporum
574 2447 763 2511 famulorum
790 2459 916 2510 tuorum
941 2446 1084 2523 contulit,
1113 2446 1282 2510 clementer

129 2547 309 2613 habundare
325 2562 357 2614 et
372 2573 552 2613 conservare
567 2549 671 2627 facias,
683 2561 720 2613 ut
735 2550 784 2613 his
799 2550 936 2613 exterius
951 2561 1074 2613 utentes
1089 2549 1219 2613 interius
1234 2549 1282 2612 in-

130 2652 280 2717 dumento
307 2652 400 2716 amici
421 2652 552 2737 justitiae
578 2653 684 2715 devoti
709 2676 829 2738 semper
853 2653 911 2716 tibi
937 2652 1069 2716 existere
1095 2664 1282 2715 mereantur.

45 2758 48 2763 ’
134 2755 200 2819 Per.

416 2928 555 2992 carno
572 2945 686 2991 suras
702 2945 845 2991 vassum
861 2945 998 2990 novun.

178 3065 381 3153 Signaculum
409 3063 539 3128 Domini
569 3065 667 3127 nostri
698 3064 776 3128 Jesu
804 3063 919 3129 Christi
944 3088 1035 3150 super
1058 3065 1140 3129 hanc
1165 3077 1282 3130 vestem

131 3190 244 3232 novam
273 3191 366 3254 quam
391 3167 551 3231 induimus
576 3168 616 3231 ad
649 3168 889 3232 custodiendum
915 3167 1059 3231 divinum
1089 3168 1282 3254 propositum

131 3294 271 3355 operum,
281 3283 318 3334 ut
331 3269 464 3357 Spiritus
479 3269 609 3333 Sanctus
621 3283 731 3356 regnet
746 3271 780 3334 in
795 3271 924 3336 homine
936 3272 990 3357 qui
1003 3273 1083 3336 eirca
1099 3297 1130 3336 se
1145 3273 1283 3337 induerit

131 3394 209 3434 eam.
256 3374 323 3436 Per.

512 3546 652 3609 Oanmo
668 3563 904 3610 mnrnruonn.

175 3680 345 3744 Benedicat
359 3705 425 3760 vos,
443 3681 609 3761 Dominus,
627 3695 657 3747 et
673 3684 826 3747 custodiat
841 3706 896 3746 vos
912 3683 1063 3760 Christus,
1081 3682 1283 3767 ostendatque

133 3782 286 3848 Dominus
296 3785 420 3849 vultum
437 3807 528 3848 suum
544 3786 583 3848 ad
593 3808 658 3862 vos,
675 3797 707 3848 et
722 3786 775 3849 det
791 3785 879 3849 vobis
893 3807 1013 3871 paoem,
1024 3785 1213 3871 impleatque
1228 3809 1283 3848 vos

133 3885 273 3950 Christus
288 3888 375 3950 omni
390 3887 608 3951 benedictione
632 3887 763 3973 spiritali
784 3889 817 3951 in
840 3887 1051 3951 remissionem
1073 3900 1282 3975 peecatorum,

132 3985 165 4048 in
182 3987 278 4051 vitam
294 4001 451 4068 aeternam,
468 3991 502 4053 in
518 3991 627 4054 saecula
642 3992 832 4054 saeculorum.
879 3991 994 4053 Arnen.

660 4163 748 4227 Alia.

176 4300 318 4388 Respice,
343 4301 489 4379 Domino,
515 4302 554 4365 de
581 4303 658 4365 coelo
682 4326 774 4389 super
800 4304 882 4367 hanc
908 4303 1160 4381 conventionem,
1192 4314 1284 4389 atque

132 4415 268 4466 sanctam
285 4404 476 4490 dignamque
492 4415 579 4466 tuam
594 4404 846 4470 benedictionem
863 4428 954 4490 super
970 4428 1021 4469 eos
1036 4405 1199 4492 profunde.
