2866 4934
562 403 863 450 BENEDIGTIONES.

519 644 614 709 Feeio
629 645 680 731 vij.
725 646 914 710 Benedicteb.

183 761 273 825 Plebs
288 772 353 840 tua,
370 761 506 829 Domine
521 787 707 850 quaesumus,
723 778 861 829 nostram
883 764 1139 829 benedictionem
1155 767 1300 852 accipiat,

135 887 300 951 perquam
316 877 427 928 cuncta
442 866 538 930 noxia
554 867 688 931 declinet
703 880 735 932 et
751 880 856 953 optata
872 867 1017 954 reperiat.
1063 868 1180 932 Amen.

182 967 402 1055 Circumoinge
428 991 497 1032 earn
527 970 659 1055 spiritali
689 993 779 1034 muro
809 982 876 1048 tuo,
908 983 1011 1055 presta
1041 970 1085 1033 eis
1116 971 1300 1036 continuam

136 1070 311 1148 sanitatem,
328 1071 368 1134 da
383 1071 427 1134 eis
442 1083 582 1156 tempora
604 1073 783 1158 tranquilla,
800 1073 840 1135 da
861 1072 969 1159 quieta
984 1095 1089 1136 secura
1112 1085 1144 1136 et
1158 1074 1299 1160 pacifica,

135 1182 172 1234 ut
186 1173 305 1257 possint
319 1173 482 1258 pervenire
498 1174 537 1238 ad
552 1174 667 1260 gaudia
682 1187 804 1239 aeterna.
852 1175 969 1239 Amen.

183 1275 274 1353 Quod
288 1277 363 1362 ipse.
409 1277 525 1340 Amen.

181 1377 372 1441 Benedictio

535 1552 714 1616 Benedictio
729 1552 893 1614 cotidiene.

179 1686 237 1764 Da,
252 1687 399 1765 Domine,
412 1685 559 1751 fidelibus
572 1687 636 1751 tuis
651 1686 847 1771 sapientiam,
857 1685 954 1749 fidem
969 1696 1098 1764 rectam,
1110 1685 1294 1772 patientiam

133 1789 304 1874 probatam,
315 1790 503 1854 abstinentie
512 1789 674 1867 virtutem,
686 1800 718 1852 et
729 1788 827 1852 vitam
837 1789 940 1852 tribue
950 1812 1128 1875 perennem.
1179 1789 1295 1855 Amen.

116 1903 119 1909 '
181 1892 240 1970 Tu,
258 1893 404 1971 Domine,
421 1916 478 1955 nos
502 1916 610 1957 omnes
629 1893 814 1958 benedicere
835 1892 977 1978 dignare,
995 1904 1040 1971 ut,
1065 1905 1096 1957 te
1119 1893 1197 1956 duce
1218 1905 1249 1962 et
1264 1905 1296 1957 te

134 2007 263 2074 rectore,
280 1996 320 2059 ad
333 1997 454 2082 premia
469 2008 584 2060 aetema
599 2019 777 2060 mereamur
790 1995 964 2082 pervenire.
1009 1996 1125 2060 Amen.

181 2100 270 2164 Tunc
291 2123 348 2164 nos
371 2124 444 2164 oum
468 2100 614 2165 omnibus
637 2099 801 2164 elementis
825 2099 888 2162 tuis
909 2099 1085 2178 benedicas,
1111 2112 1143 2164 et
1165 2099 1295 2187 spiritali

134 2202 282 2267 alimonia
297 2227 369 2268 curn
385 2204 505 2290 angelis
520 2205 648 2290 repleas.
694 2201 812 2265 Amen.

180 2307 272 2385 Quod
286 2307 360 2393 ipse.

179 2409 372 2474 Benedictio.

537 2583 716 2648 Benedictio
732 2585 895 2649 cotidiene.

180 2719 328 2798 Benedic,
353 2718 501 2797 Domine,
526 2743 653 2784 omnem
669 2720 761 2784 istam
785 2721 937 2785 familiam
960 2742 1029 2806 quae
1048 2719 1181 2806 gratiam
1203 2721 1297 2785 bene-

136 2823 282 2888 dictionis
296 2835 357 2887 tuae
372 2823 516 2888 invenire
532 2824 694 2888 desiderat.
740 2824 856 2888 Amen.

180 2927 342 3014 Propriam
354 2950 483 2991 manum
494 2928 533 2990 de
544 2927 629 2991 coelis
639 2927 760 3006 emitte,
773 2941 805 2992 et
817 2926 919 3013 capita
930 2925 1126 3014 singulorum
1138 2926 1296 3014 continge.

93 3069 95 3072 >
137 3027 252 3094 Amen.

180 3134 357 3198 Descendat
377 3158 469 3221 super
491 3133 573 3199 hanc
596 3135 721 3221 plebem
743 3135 845 3222 gratia
867 3133 1094 3198 benedictionis
1118 3145 1188 3212 tuae,
1215 3133 1297 3197 sicut

138 3234 299 3300 descendit
313 3260 364 3300 ros
378 3237 494 3324 pluviae
508 3239 549 3302 ad
564 3238 756 3324 irrigandam
772 3260 863 3323 super
878 3237 990 3301 faciem
1004 3249 1102 3300 terrae.
1148 3237 1264 3299 Arnen.

183 3340 235 3404 Sic
250 3364 357 3403 omnes
372 3364 483 3403 manus
505 3353 566 3404 tuae
588 3341 723 3404 sentiant
744 3353 873 3417 tactum,
895 3352 927 3404 et
953 3340 1086 3425 Spiritus
1105 3339 1210 3404 Sancti
1225 3363 1295 3425 per-

139 3441 257 3528 cipiant
272 3443 436 3529 gaudium,
452 3458 484 3507 et
498 3443 656 3507 benedicti
671 3454 874 3528 permaneant
889 3442 922 3504 in
938 3455 1097 3504 aetemum.
1141 3441 1258 3504 Amen.

184 3545 376 3609 Benedicant
402 3556 432 3609 te
463 3557 608 3608 creaturae
637 3556 709 3621 tuae,
737 3543 884 3620 Domine,
913 3557 945 3606 et
968 3555 1005 3606 tu
1030 3566 1080 3607 eas
1110 3543 1295 3608 benedicere

139 3647 277 3734 digneris
292 3671 364 3712 cum
379 3671 464 3735 pace
508 3647 625 3711 Amen.

184 3753 241 3817 Ille
270 3776 326 3816 vos
354 3751 519 3817 benedicat
548 3751 587 3814 de
617 3750 712 3826 coelis,
737 3748 792 3834 qui
821 3771 877 3834 per
901 3771 1024 3811 crucem
1049 3759 1081 3811 et
1110 3745 1296 3832 sanguinem

138 3856 288 3940 passionis
302 3879 364 3918 suae
378 3878 435 3919 nos
451 3854 599 3940 dignatus
614 3864 660 3916 est
675 3851 828 3915 redimere
844 3849 993 3914 interris
1039 3850 1157 3914 Amen.

184 3957 367 4021 Benedictio
383 3957 454 4034 Dei,
472 3955 582 4019 Patris.

538 4126 715 4190 Benedictio
730 4127 896 4190 cotidiana.

184 4271 346 4356 Agnoscat
370 4267 526 4332 Dominus
549 4264 583 4328 in
610 4263 700 4330 vobis
725 4263 888 4352 proprium
911 4263 1050 4349 signum,
1078 4271 1111 4323 et
1131 4255 1221 4323 vobis
1244 4278 1307 4322 suae

140 4374 357 4438 misericordiae
372 4372 509 4437 conferat
525 4371 655 4436 donum.
702 4370 815 4435 Amen.
