2866 4934
494 440 741 491 CONSECRATIO
760 440 951 493 ECCLESIAE.

164 608 167 614 ·
194 582 307 654 Sancte
324 588 442 657 Hilari:
731 623 793 664 ora.

192 691 303 758 Sancte
319 695 470 763 Martine:
728 727 791 767 ora.
864 766 867 770 ,

191 793 302 860 Sancte
321 799 482 875 Silvester:
727 828 789 870 ora.

190 897 299 965 Omnis
314 902 426 969 chorus
441 907 666 971 confessorum:
725 932 778 973 ora
793 934 849 997 pro
864 912 962 975 nobis.

190 999 302 1067 Sancta
319 1006 488 1094 Perpetua:
727 1035 789 1075 ora.

189 1103 301 1169 Sancta
317 1108 478 1175 Felicitas:
726 1138 788 1178 ora.

190 1205 302 1272 Sancta
318 1210 462 1298 Agatha:
724 1241 786 1281 ora.

188 1306 297 1375 Omnis
312 1313 424 1379 chorus
438 1317 615 1403 virginum:
726 1343 780 1384 ora
794 1343 851 1407 pro
866 1320 967 1384 nobis.

187 1411 285 1499 Kyrie
300 1417 425 1482 eleison.

186 1514 308 1582 Christe
324 1521 448 1586 eleison.

184 1618 321 1686 Domine
335 1624 491 1705 miserere,
507 1627 650 1693 miserere
665 1629 763 1693 nobie.

185 1722 308 1788 Christe
323 1727 398 1790 audi
412 1752 477 1793 nos.
493 1729 538 1793 iii.

184 1824 239 1889 Ab
253 1826 390 1893 inimicis
404 1833 517 1896 nostris
532 1833 664 1898 defende
678 1856 734 1899 nos
751 1835 883 1900 Christe.

184 1928 333 1994 Dolorem
349 1934 449 1999 cordis
464 1937 562 2000 nostri
577 1938 731 2025 benignus
745 1939 827 2002 vide.

184 2032 399 2099 Afflictionem
414 2050 551 2102 nostram
566 2041 682 2127 respice
698 2042 842 2106 clemens.

184 2135 315 2202 Peccata
329 2141 438 2226 populi
453 2142 501 2204 tui
515 2142 585 2229 pius
599 2144 739 2231 indulge.

184 2240 346 2307 Orationes
361 2257 479 2309 nostras
495 2246 610 2309 exaudi
627 2247 759 2311 Christe.

183 2343 246 2408 Hic
261 2346 342 2409 etin
356 2359 543 2435 perpetuum
558 2370 615 2412 nos
629 2349 784 2414 custodire
800 2347 938 2434 digneris
954 2347 1087 2412 Christe.

183 2448 247 2511 Fili
262 2448 323 2513 Dei
337 2451 405 2515 vivi
419 2452 564 2517 miserere
578 2452 676 2516 nobis.

182 2553 296 2640 Agnus
312 2554 381 2618 Dei.

182 2655 308 2718 Exaudi
323 2680 379 2720 nos
395 2658 527 2723 Christe.

181 2759 319 2839 Exaudi,
335 2761 450 2825 exaudi
464 2784 521 2825 nos
536 2762 667 2826 Christe.

180 2862 303 2927 Christe
319 2865 392 2928 audi
407 2887 472 2929 nos.
487 2865 533 2928 iii.

181 2966 280 3052 Kyrie
296 2966 420 3032 eleison.

180 3069 302 3134 Christe
317 3071 443 3151 eleison,
459 3084 494 3135 eet
508 3095 613 3159 supra.

185 3173 227 3236 Ut
241 3162 342 3237 autent
355 3199 461 3261 supra.

661 3278 778 3342 Oratio.

176 3446 390 3532 Magnificam,
417 3447 553 3511 Domine
571 3447 657 3509 Deus
676 3458 791 3523 noster,
818 3445 854 3507 in
878 3444 992 3507 sanctis
1018 3444 1093 3523 tuis,
1114 3459 1146 3510 et
1169 3446 1229 3510 hoc
1253 3448 1288 3513 in

134 3549 253 3634 templo
279 3548 492 3613 aedificationis
517 3571 641 3635 appare,
668 3560 705 3611 ut
730 3547 787 3632 qui
816 3546 921 3609 omnia
950 3547 984 3608 in
1014 3546 1087 3610 filiis
1113 3548 1289 3634 adoptionis

134 3653 279 3738 operaris,
307 3653 372 3740 ipse
402 3674 523 3738 semper
552 3653 586 3716 in
616 3664 671 3715 tua
700 3649 875 3713 hereditate
894 3648 1037 3711 lauderis.
1094 3649 1153 3712 Per
1179 3651 1287 3715 Domi·

133 3779 221 3820 num.

175 3928 297 3993 Deinde
312 3931 420 4016 incipet
438 3929 581 4018 pontifex
602 3930 638 3991 eie
656 3923 780 3990 sinistro
796 3925 834 3987 ab
849 3924 972 4001 oriente,
988 3922 1118 3987 scribens
1128 3947 1189 4011 per
1198 3928 1289 4013 pavi·

132 4046 268 4098 mentum
283 4059 351 4099 eum
366 4036 519 4098 cambutta
533 4057 590 4097 aaa
606 4032 648 4095 A.
662 4032 698 4095 Β.
712 4029 747 4094 C.
760 4026 885 4091 dariam
900 4022 1039 4111 usquein
1055 4027 1161 4091 deetro
1177 4032 1289 4115 arpalo

133 4139 335 4217 occidentalia,
352 4150 380 4202 et
394 4162 414 4201 a
429 4139 535 4201 deetro
551 4135 664 4222 capulo
685 4132 828 4197 orientali
847 4130 959 4194 scribat
979 4130 1120 4194 similiter
1141 4131 1183 4194 A.
1200 4134 1237 4197 B.
1255 4134 1290 4199 C.

132 4243 258 4306 derium
273 4265 366 4328 aeque
381 4243 415 4305 in
429 4242 553 4305 aiaietro
569 4239 682 4325 eepuhr
695 4236 815 4301 basilice
831 4233 1030 4298 occidentalia.

176 4396 299 4463 Deinde
315 4398 435 4463 veniens
451 4399 494 4460 ed
508 4395 607 4460 altare
623 4394 726 4456 dicet:

697 4513 721 4557 Ι)
