2866 4934
424 411 648 461 BENEDIO'I'IO
664 412 760 461 slent
775 411 978 459 AEOCLESIAE.

659 654 748 719 Atia.

175 765 380 855 Omnipotens
404 773 591 858 sempiterne
606 773 703 853 Deus,
719 775 838 862 respice
853 775 893 839 de
906 773 984 837 coelo
1000 780 1106 834 sancto
1121 779 1177 830 tuo
1192 784 1283 848 super

126 867 254 934 domum
269 871 379 938 famuli
399 875 446 938 tui
463 875 524 954 Ill,
540 888 573 940 et
587 899 679 963 super
702 878 880 943 habitantes
903 877 938 939 in
954 899 1001 953 ea,
1017 875 1097 937 sieut
1118 864 1282 954 respexisti

124 993 216 1057 super
231 975 393 1040 Abraham
417 990 449 1041 et
474 978 559 1042 Isaac
583 991 616 1042 et
641 980 752 1059 Jacob,
774 993 867 1067 atque
890 977 1106 1044 habitaculum
1121 973 1216 1036 istum
1233 968 1281 1030 in·

124 1075 278 1142 columem
293 1103 414 1167 semper
428 1083 591 1146 custodias.
637 1084 706 1147 Per.

444 1321 584 1387 Oaarro
599 1341 648 1385 sn
664 1339 958 1390 camararum.

169 1485 374 1575 Omnipotens
403 1493 589 1580 sempiterne
620 1495 715 1574 Deus,
746 1495 863 1582 respice
890 1491 1045 1580 propitius
1074 1509 1165 1575 super
1194 1485 1279 1548 huno

123 1588 274 1655 famulum
299 1607 390 1658 tuum
418 1596 478 1673 Ill,
504 1620 598 1682 quem
625 1599 673 1663 ad⁴
690 1622 805 1662 novam
832 1596 984 1662 tondendi
1008 1593 1141 1682 gratiam
1167 1611 1278 1652 vocare

124 1691 271 1776 dignatus
286 1720 328 1774 es,
344 1698 484 1762 tribuens
506 1699 536 1763 ei
557 1701 770 1765 remissionem
793 1700 935 1764 omnium
958 1710 1166 1785 peccatorum,
1186 1703 1279 1776 atque

122 1794 162 1856 ad
178 1797 349 1862 coelestium
364 1800 518 1866 donorum
534 1805 696 1888 pervenire
711 1804 910 1868 consortium.
958 1803 1026 1866 Per.

494 2041 634 2108 Oarrro
648 2061 746 2108 sara
761 2061 915 2108 menan.

169 2208 311 2296 Protege,
329 2210 477 2290 Domine,
495 2213 627 2277 famulos
649 2226 720 2278 tuos
742 2214 888 2278 subsidiis
909 2215 1004 2300 pacis,
1021 2226 1053 2277 et
1067 2212 1279 2298 corporalibus

123 2324 156 2374 et
177 2313 390 2398 spiritualibus
413 2316 572 2380 enutriens
596 2340 648 2381 eos
671 2317 840 2397 alimentis,
860 2317 1015 2382 acunctis
1030 2313 1171 2380 hostibus
1185 2315 1280 2377 redde

124 2438 253 2481 securos.
300 2418 369 2482 Per.

169 2519 307 2608 Suscipe‚
332 2522 480 2601 Domine,
504 2547 611 2611 preces
634 2537 764 2604 nostras,
789 2537 821 2589 et
847 2548 938 2588 muro
961 2522 1109 2588 custodiae
1130 2533 1192 2585 tuae
1217 2521 1279 2585 hoc

123 2636 264 2687 sanctum
285 2625 381 2690 altare
407 2625 579 2705 circumda,
604 2642 642 2692 ut
667 2627 755 2691 omni
770 2628 958 2691 adversitate
985 2627 1124 2713 depulsa,
1152 2625 1192 2688 sit
1218 2624 1279 2688 hoc

122 2739 264 2790 sanctum
280 2750 401 2815 semper
416 2729 612 2793 domicilium
628 2731 852 2795 incolomitatis
867 2744 899 2796 et
913 2731 1007 2817 pacis.
1054 2730 1121 2793 Per.

178 2966 318 3032 ORATIO
334 2984 404 3033 PRO
420 2985 744 3034 RENUNTIANTIBUS
761 2986 919 3048 SAECULO,
936 2987 981 3032 ΕΤ
998 2985 1166 3033 CAENOBIO
1183 2985 1223 3031 SE

573 3092 831 3138 TRADENTIBUS.

168 3243 284 3322 Presta,
315 3267 490 3330 qua-sumus
521 3246 668 3326 Domine,
700 3247 825 3312 famulis
855 3249 918 3312 tuis
945 3247 994 3310 Ill.
1024 3245 1278 3311 renuntiantibus

124 3347 318 3411 sacularibus
347 3348 471 3435 pompis
500 3349 608 3436 gratiae
641 3362 703 3413 tuae
728 3351 840 3434 januas
870 3351 1022 3437 apperire,
1053 3350 1108 3436 qui
1139 3349 1277 3434 dispecto

124 3449 248 3513 diabolo
263 3450 452 3538 confugiunt
467 3453 524 3517 sub
539 3452 632 3516 titulo
649 3453 777 3531 Christi,
798 3454 877 3536 jube
892 3454 1053 3518 venientes
1068 3453 1109 3516 ad
1123 3465 1154 3515 te
1169 3474 1276 3514 sereno

124 3553 215 3616 vultu
237 3553 400 3640 suscipere,
417 3578 457 3618 ne
480 3555 518 3619 de
539 3555 582 3618 eis
603 3556 750 3618 inimicus
765 3556 867 3619 valeat
881 3555 1092 3641 triumphare:
1116 3553 1218 3617 tribue
1234 3553 1277 3616 eis

123 3654 286 3718 brachium
310 3655 505 3744 infatigabile
529 3657 641 3721 auxilii
664 3657 723 3735 tui,
749 3669 868 3721 mentes
890 3679 998 3720 eorum
1018 3656 1093 3720 fidei
1109 3654 1203 3718 lorica
1218 3655 1277 3717 cir-

124 3759 248 3836 cumda,
264 3772 301 3822 ut
315 3758 399 3823 felici
414 3784 504 3823 muro
516 3761 626 3824 vallati
640 3760 795 3824 mundum
811 3783 842 3824 se
856 3759 1014 3847 gaudeant
1029 3759 1167 3823 evasisse.
1208 3757 1275 3820 Per.

265 3947 404 4014 Osarro
418 3968 468 4013 nn
484 3967 621 4014 merum
635 3967 818 4014 acconem
834 3965 1135 4012 annnnrcnunum.

317 4121 470 4184 Primitiae
486 4103 674 4208 asparputar
688 4123 810 4207 sigaeum
825 4145 907 4207 aqua
923 4122 1085 4185 benedicta.

167 4271 317 4349 Benedic,
335 4272 482 4349 Domine,
499 4272 581 4336 hanc
596 4298 708 4360 aquam
724 4272 787 4357 (vel
810 4271 870 4334 hoc
894 4272 1036 4357 signum)
1058 4270 1276 4336 benedictione

123 4374 249 4452 aelesti,
266 4386 298 4436 et
313 4376 441 4440 adsistat
456 4399 548 4460 super
563 4400 630 4439 eam
647 4376 710 4456 (cel
725 4375 813 4459 eum)
830 4374 928 4438 virtus
952 4375 1086 4461 Spiritus
1110 4373 1226 4452 Sancti,
1243 4391 1279 4439 ut
