<?xml version="1.0" encoding="UTF-8"?>
<!DOCTYPE html PUBLIC "-//W3C//DTD XHTML 1.0 Transitional//EN"
    "http://www.w3.org/TR/xhtml1/DTD/xhtml1-transitional.dtd">
<html xmlns="http://www.w3.org/1999/xhtml" xml:lang="en" lang="en">
 <head>
  <title>
</title>
<meta http-equiv="Content-Type" content="text/html;charset=utf-8" />
  <meta name='ocr-system' content='tesseract 3.04.00' />
  <meta name='ocr-capabilities' content='ocr_page ocr_carea ocr_par ocr_line ocrx_word'/>
</head>
<body>
  <div class='ocr_page' id='page_1' title='image "./pontificalegber00churgoog_0033.png"; bbox 0 0 2866 4934; ppageno 0'>
   <div class='ocr_carea' id='block_1_1' title="bbox 179 372 996 434">
    <p class='ocr_par' dir='ltr' id='par_1_1' title="bbox 179 372 996 434">
     <span class='ocr_line' id='line_1_1' title="bbox 179 372 996 434; baseline -0.002 -2"><span class='ocrx_word' id='word_1_1' title='bbox 179 372 197 432; x_wconf 90' lang='lat'><strong>6</strong></span> <span class='ocrx_word' id='word_1_2' title='bbox 517 386 762 434; x_wconf 75' lang='lat' dir='ltr'>ronrrrrcnnn</span> <span class='ocrx_word' id='word_1_3' title='bbox 778 384 996 434; x_wconf 70' lang='lat' dir='ltr'>accusarem.</span> 
     </span>
    </p>
   </div>
   <div class='ocr_carea' id='block_1_2' title="bbox 178 526 1357 730">
    <p class='ocr_par' dir='ltr' id='par_1_2' title="bbox 178 526 1357 730">
     <span class='ocr_line' id='line_1_2' title="bbox 178 526 1357 627; baseline -0.004 -22"><span class='ocrx_word' id='word_1_4' title='bbox 178 540 287 605; x_wconf 88' lang='lat' dir='ltr'>divino</span> <span class='ocrx_word' id='word_1_5' title='bbox 310 554 491 605; x_wconf 83' lang='lat' dir='ltr'>consecutus</span> <span class='ocrx_word' id='word_1_6' title='bbox 516 554 563 605; x_wconf 85' lang='lat' dir='ltr'>est</span> <span class='ocrx_word' id='word_1_7' title='bbox 586 565 726 619; x_wconf 86' lang='lat' dir='ltr'>munere,</span> <span class='ocrx_word' id='word_1_8' title='bbox 750 526 866 605; x_wconf 83' lang='lat' dir='ltr'>divinis</span> <span class='ocrx_word' id='word_1_9' title='bbox 889 538 1053 604; x_wconf 85' lang='lat' dir='ltr'>effectibus</span> <span class='ocrx_word' id='word_1_10' title='bbox 1078 553 1287 627; x_wconf 85' lang='lat' dir='ltr'>exsequatur</span> <span class='ocrx_word' id='word_1_11' title='bbox 1307 562 1357 626; x_wconf 87' lang='lat' dir='ltr'>per</span> 
     </span>
     <span class='ocr_line' id='line_1_3' title="bbox 179 644 563 730; baseline -0.003 -23"><span class='ocrx_word' id='word_1_12' title='bbox 179 644 305 730; x_wconf 83' lang='lat' dir='ltr'>diesque</span> <span class='ocrx_word' id='word_1_13' title='bbox 319 656 448 707; x_wconf 89' lang='lat' dir='ltr'>nostros.</span> <span class='ocrx_word' id='word_1_14' title='bbox 495 645 563 709; x_wconf 92' lang='lat' dir='ltr'>Per.</span> 
     </span>
    </p>
   </div>
   <div class='ocr_carea' id='block_1_3' title="bbox 180 816 1351 2768">
    <p class='ocr_par' dir='ltr' id='par_1_3' title="bbox 458 816 1054 905">
     <span class='ocr_line' id='line_1_4' title="bbox 458 816 1054 905; baseline -0.003 -25"><span class='ocrx_word' id='word_1_15' title='bbox 458 817 634 882; x_wconf 72' lang='lat' dir='ltr'><em>Benedictio</em></span> <span class='ocrx_word' id='word_1_16' title='bbox 648 818 826 905; x_wconf 63' lang='lat' dir='ltr'>episcopales</span> <span class='ocrx_word' id='word_1_17' title='bbox 841 818 932 904; x_wconf 76' lang='lat' dir='ltr'>hujus</span> <span class='ocrx_word' id='word_1_18' title='bbox 945 816 1054 879; x_wconf 65' lang='lat' dir='ltr'>muse.</span> 
     </span>
    </p>

    <p class='ocr_par' dir='ltr' id='par_1_4' title="bbox 180 945 1350 1137">
     <span class='ocr_line' id='line_1_5' title="bbox 224 945 1350 1035; baseline 0 -27"><span class='ocrx_word' id='word_1_19' title='bbox 224 945 320 1023; x_wconf 88' lang='lat' dir='ltr'>Deus,</span> <span class='ocrx_word' id='word_1_20' title='bbox 341 946 396 1032; x_wconf 91' lang='lat' dir='ltr'>qui</span> <span class='ocrx_word' id='word_1_21' title='bbox 420 946 544 1032; x_wconf 89' lang='lat' dir='ltr'>populis</span> <span class='ocrx_word' id='word_1_22' title='bbox 567 947 762 1035; x_wconf 90' lang='lat' dir='ltr'>indulgendo</span> <span class='ocrx_word' id='word_1_23' title='bbox 781 946 958 1023; x_wconf 86' lang='lat' dir='ltr'>consolaris,</span> <span class='ocrx_word' id='word_1_24' title='bbox 981 955 1014 1008; x_wconf 85' lang='lat' dir='ltr'>et</span> <span class='ocrx_word' id='word_1_25' title='bbox 1034 967 1148 1008; x_wconf 87' lang='lat' dir='ltr'>amore</span> <span class='ocrx_word' id='word_1_26' title='bbox 1165 945 1350 1020; x_wconf 80' lang='lat' dir='ltr'>dominaris,</span> 
     </span>
     <span class='ocr_line' id='line_1_6' title="bbox 180 1048 1350 1137; baseline -0.003 -25"><span class='ocrx_word' id='word_1_27' title='bbox 180 1049 220 1113; x_wconf 90' lang='lat' dir='ltr'>da</span> <span class='ocrx_word' id='word_1_28' title='bbox 235 1049 379 1135; x_wconf 88' lang='lat' dir='ltr'>spiritum</span> <span class='ocrx_word' id='word_1_29' title='bbox 395 1049 553 1136; x_wconf 71' lang='lat' dir='ltr'>sapientiae</span> <span class='ocrx_word' id='word_1_30' title='bbox 567 1051 680 1137; x_wconf 88' lang='lat' dir='ltr'>quibus</span> <span class='ocrx_word' id='word_1_31' title='bbox 691 1050 848 1116; x_wconf 82' lang='lat' dir='ltr'>tradidisti</span> <span class='ocrx_word' id='word_1_32' title='bbox 862 1049 1004 1137; x_wconf 88' lang='lat' dir='ltr'>regimen</span> <span class='ocrx_word' id='word_1_33' title='bbox 1015 1048 1211 1135; x_wconf 79' lang='lat' dir='ltr'>disciplinae.</span> <span class='ocrx_word' id='word_1_34' title='bbox 1237 1051 1350 1114; x_wconf 89' lang='lat' dir='ltr'>Amen.</span> 
     </span>
    </p>

    <p class='ocr_par' dir='ltr' id='par_1_5' title="bbox 181 1151 1349 1344">
     <span class='ocr_line' id='line_1_7' title="bbox 226 1151 1349 1240; baseline -0.002 -22"><span class='ocrx_word' id='word_1_35' title='bbox 226 1153 274 1218; x_wconf 92' lang='lat' dir='ltr'>Ut</span> <span class='ocrx_word' id='word_1_36' title='bbox 287 1154 326 1218; x_wconf 92' lang='lat' dir='ltr'>dc</span> <span class='ocrx_word' id='word_1_37' title='bbox 341 1153 481 1240; x_wconf 86' lang='lat' dir='ltr'>profectu</span> <span class='ocrx_word' id='word_1_38' title='bbox 497 1167 672 1218; x_wconf 86' lang='lat' dir='ltr'>sanctarum</span> <span class='ocrx_word' id='word_1_39' title='bbox 689 1155 794 1219; x_wconf 86' lang='lat' dir='ltr'>ovium</span> <span class='ocrx_word' id='word_1_40' title='bbox 812 1153 891 1218; x_wconf 81' lang='lat' dir='ltr'>fient</span> <span class='ocrx_word' id='word_1_41' title='bbox 910 1151 1023 1240; x_wconf 82' lang='lat' dir='ltr'>gaudia</span> <span class='ocrx_word' id='word_1_42' title='bbox 1037 1163 1160 1216; x_wconf 83' lang='lat' dir='ltr'>aeterna</span> <span class='ocrx_word' id='word_1_43' title='bbox 1176 1166 1349 1240; x_wconf 86' lang='lat' dir='ltr'>pastorum,</span> 
     </span>
     <span class='ocr_line' id='line_1_8' title="bbox 181 1258 1058 1344; baseline -0.006 -23"><span class='ocrx_word' id='word_1_44' title='bbox 181 1271 213 1322; x_wconf 90' lang='lat' dir='ltr'>et</span> <span class='ocrx_word' id='word_1_45' title='bbox 227 1258 266 1322; x_wconf 91' lang='lat' dir='ltr'>de</span> <span class='ocrx_word' id='word_1_46' title='bbox 282 1258 432 1322; x_wconf 86' lang='lat' dir='ltr'>electione</span> <span class='ocrx_word' id='word_1_47' title='bbox 447 1281 554 1321; x_wconf 88' lang='lat' dir='ltr'>earum</span> <span class='ocrx_word' id='word_1_48' title='bbox 569 1258 727 1344; x_wconf 75' lang='lat' dir='ltr'>gaudeant</span> <span class='ocrx_word' id='word_1_49' title='bbox 741 1258 835 1322; x_wconf 91' lang='lat' dir='ltr'>simul</span> <span class='ocrx_word' id='word_1_50' title='bbox 849 1258 884 1320; x_wconf 92' lang='lat' dir='ltr'>in</span> <span class='ocrx_word' id='word_1_51' title='bbox 898 1271 1058 1321; x_wconf 85' lang='lat' dir='ltr'>aetemum.</span> 
     </span>
    </p>

    <p class='ocr_par' dir='ltr' id='par_1_6' title="bbox 182 1360 1350 1731">
     <span class='ocr_line' id='line_1_9' title="bbox 228 1360 1349 1446; baseline -0.002 -22"><span class='ocrx_word' id='word_1_52' title='bbox 228 1362 270 1424; x_wconf 86' lang='lat' dir='ltr'>Et</span> <span class='ocrx_word' id='word_1_53' title='bbox 285 1361 358 1446; x_wconf 76' lang='lat' dir='ltr'>qui*</span> <span class='ocrx_word' id='word_1_54' title='bbox 373 1360 496 1424; x_wconf 89' lang='lat' dir='ltr'>dierum</span> <span class='ocrx_word' id='word_1_55' title='bbox 519 1373 694 1424; x_wconf 89' lang='lat' dir='ltr'>nostrorum</span> <span class='ocrx_word' id='word_1_56' title='bbox 714 1363 889 1440; x_wconf 78' lang='lat' dir='ltr'>numeros,†</span> <span class='ocrx_word' id='word_1_57' title='bbox 909 1372 1154 1444; x_wconf 81' lang='lat' dir='ltr'>temporumque</span> <span class='ocrx_word' id='word_1_58' title='bbox 1175 1382 1349 1436; x_wconf 82' lang='lat' dir='ltr'>mensuras,</span> 
     </span>
     <span class='ocr_line' id='line_1_10' title="bbox 182 1461 1349 1550; baseline 0 -24"><span class='ocrx_word' id='word_1_59' title='bbox 182 1463 350 1547; x_wconf 85' lang='lat' dir='ltr'>majestatis</span> <span class='ocrx_word' id='word_1_60' title='bbox 374 1476 434 1526; x_wconf 88' lang='lat' dir='ltr'>tuae</span> <span class='ocrx_word' id='word_1_61' title='bbox 459 1474 611 1549; x_wconf 79' lang='lat' dir='ltr'>potestate</span> <span class='ocrx_word' id='word_1_62' title='bbox 635 1463 802 1549; x_wconf 86' lang='lat' dir='ltr'>dispensas,</span> <span class='ocrx_word' id='word_1_63' title='bbox 823 1462 863 1527; x_wconf 90' lang='lat' dir='ltr'>ad</span> <span class='ocrx_word' id='word_1_64' title='bbox 886 1461 1074 1526; x_wconf 85' lang='lat' dir='ltr'>hmnilitatis</span> <span class='ocrx_word' id='word_1_65' title='bbox 1088 1472 1210 1526; x_wconf 80' lang='lat' dir='ltr'>nostrae</span> <span class='ocrx_word' id='word_1_66' title='bbox 1232 1463 1349 1550; x_wconf 81' lang='lat' dir='ltr'>respice</span> 
     </span>
     <span class='ocr_line' id='line_1_11' title="bbox 182 1565 1350 1652; baseline 0 -24"><span class='ocrx_word' id='word_1_67' title='bbox 182 1566 375 1641; x_wconf 84' lang='lat' dir='ltr'>servitutem,</span> <span class='ocrx_word' id='word_1_68' title='bbox 396 1577 428 1628; x_wconf 89' lang='lat' dir='ltr'>et</span> <span class='ocrx_word' id='word_1_69' title='bbox 448 1565 533 1651; x_wconf 85' lang='lat' dir='ltr'>pacis</span> <span class='ocrx_word' id='word_1_70' title='bbox 555 1577 616 1628; x_wconf 89' lang='lat' dir='ltr'>tuae</span> <span class='ocrx_word' id='word_1_71' title='bbox 636 1566 827 1630; x_wconf 85' lang='lat' dir='ltr'>abundantia</span> <span class='ocrx_word' id='word_1_72' title='bbox 849 1578 989 1652; x_wconf 78' lang='lat' dir='ltr'>tempora</span> <span class='ocrx_word' id='word_1_73' title='bbox 1011 1575 1117 1627; x_wconf 85' lang='lat' dir='ltr'>nostra</span> <span class='ocrx_word' id='word_1_74' title='bbox 1139 1567 1301 1650; x_wconf 89' lang='lat' dir='ltr'>pretende</span> <span class='ocrx_word' id='word_1_75' title='bbox 1320 1577 1350 1630; x_wconf 90' lang='lat' dir='ltr'>et</span> 
     </span>
     <span class='ocr_line' id='line_1_12' title="bbox 184 1668 501 1731; baseline 0 0"><span class='ocrx_word' id='word_1_76' title='bbox 184 1691 340 1731; x_wconf 85' lang='lat' dir='ltr'>conserva.</span> <span class='ocrx_word' id='word_1_77' title='bbox 386 1668 501 1731; x_wconf 91' lang='lat' dir='ltr'>Amen.</span> 
     </span>
    </p>

    <p class='ocr_par' dir='ltr' id='par_1_7' title="bbox 183 1768 1349 2063">
     <span class='ocr_line' id='line_1_13' title="bbox 228 1768 1348 1859; baseline 0.001 -23"><span class='ocrx_word' id='word_1_78' title='bbox 228 1771 357 1837; x_wconf 85' lang='lat' dir='ltr'>Collatis</span> <span class='ocrx_word' id='word_1_79' title='bbox 371 1794 495 1857; x_wconf 91' lang='lat' dir='ltr'>quoque</span> <span class='ocrx_word' id='word_1_80' title='bbox 511 1771 544 1834; x_wconf 93' lang='lat' dir='ltr'>in</span> <span class='ocrx_word' id='word_1_81' title='bbox 559 1794 616 1834; x_wconf 88' lang='lat' dir='ltr'>nos</span> <span class='ocrx_word' id='word_1_82' title='bbox 630 1795 685 1858; x_wconf 92' lang='lat' dir='ltr'>per</span> <span class='ocrx_word' id='word_1_83' title='bbox 700 1772 834 1859; x_wconf 82' lang='lat' dir='ltr'>gratiam</span> <span class='ocrx_word' id='word_1_84' title='bbox 854 1783 941 1834; x_wconf 87' lang='lat' dir='ltr'>tuam</span> <span class='ocrx_word' id='word_1_85' title='bbox 962 1768 1133 1858; x_wconf 85' lang='lat' dir='ltr'>propitiare</span> <span class='ocrx_word' id='word_1_86' title='bbox 1148 1772 1348 1850; x_wconf 87' lang='lat' dir='ltr'>muneribus,</span> 
     </span>
     <span class='ocr_line' id='line_1_14' title="bbox 183 1873 1349 1962; baseline 0.003 -25"><span class='ocrx_word' id='word_1_87' title='bbox 183 1887 214 1938; x_wconf 87' lang='lat' dir='ltr'>et</span> <span class='ocrx_word' id='word_1_88' title='bbox 234 1897 328 1961; x_wconf 91' lang='lat' dir='ltr'>quem</span> <span class='ocrx_word' id='word_1_89' title='bbox 344 1873 443 1937; x_wconf 84' lang='lat' dir='ltr'>fecisti</span> <span class='ocrx_word' id='word_1_90' title='bbox 458 1874 558 1959; x_wconf 88' lang='lat' dir='ltr'>gradu</span> <span class='ocrx_word' id='word_1_91' title='bbox 569 1875 736 1962; x_wconf 88' lang='lat' dir='ltr'>episcopali</span> <span class='ocrx_word' id='word_1_92' title='bbox 751 1875 928 1952; x_wconf 88' lang='lat' dir='ltr'>sublimem,</span> <span class='ocrx_word' id='word_1_93' title='bbox 940 1873 989 1938; x_wconf 85' lang='lat' dir='ltr'>fac</span> <span class='ocrx_word' id='word_1_94' title='bbox 1003 1894 1134 1959; x_wconf 90' lang='lat' dir='ltr'>operum</span> <span class='ocrx_word' id='word_1_95' title='bbox 1151 1875 1349 1960; x_wconf 82' lang='lat' dir='ltr'>perfectione</span> 
     </span>
     <span class='ocr_line' id='line_1_15' title="bbox 184 1976 690 2063; baseline -0.002 -22"><span class='ocrx_word' id='word_1_96' title='bbox 184 1977 242 2041; x_wconf 89' lang='lat' dir='ltr'>tibi</span> <span class='ocrx_word' id='word_1_97' title='bbox 258 2000 321 2040; x_wconf 89' lang='lat' dir='ltr'>esse</span> <span class='ocrx_word' id='word_1_98' title='bbox 335 1976 528 2063; x_wconf 81' lang='lat' dir='ltr'>placabilem.</span> <span class='ocrx_word' id='word_1_99' title='bbox 574 1977 690 2041; x_wconf 83' lang='lat' dir='ltr'>Amen.</span> 
     </span>
    </p>

    <p class='ocr_par' dir='ltr' id='par_1_8' title="bbox 184 2079 1350 2352">
     <span class='ocr_line' id='line_1_16' title="bbox 228 2079 1350 2167; baseline 0.003 -24"><span class='ocrx_word' id='word_1_100' title='bbox 228 2080 335 2166; x_wconf 88' lang='lat' dir='ltr'>Atque</span> <span class='ocrx_word' id='word_1_101' title='bbox 357 2079 391 2142; x_wconf 93' lang='lat' dir='ltr'>in</span> <span class='ocrx_word' id='word_1_102' title='bbox 413 2103 486 2143; x_wconf 88' lang='lat' dir='ltr'>eum</span> <span class='ocrx_word' id='word_1_103' title='bbox 510 2079 656 2144; x_wconf 84' lang='lat' dir='ltr'>affectum</span> <span class='ocrx_word' id='word_1_104' title='bbox 683 2080 784 2167; x_wconf 86' lang='lat' dir='ltr'>dirige</span> <span class='ocrx_word' id='word_1_105' title='bbox 806 2103 859 2144; x_wconf 89' lang='lat' dir='ltr'>cor</span> <span class='ocrx_word' id='word_1_106' title='bbox 880 2079 980 2165; x_wconf 86' lang='lat' dir='ltr'>plebis</span> <span class='ocrx_word' id='word_1_107' title='bbox 1003 2090 1035 2142; x_wconf 86' lang='lat' dir='ltr'>ct</span> <span class='ocrx_word' id='word_1_108' title='bbox 1059 2079 1205 2165; x_wconf 88' lang='lat' dir='ltr'>presulis,</span> <span class='ocrx_word' id='word_1_109' title='bbox 1229 2094 1269 2145; x_wconf 87' lang='lat' dir='ltr'>ut</span> <span class='ocrx_word' id='word_1_110' title='bbox 1292 2105 1350 2146; x_wconf 85' lang='lat' dir='ltr'>nec</span> 
     </span>
     <span class='ocr_line' id='line_1_17' title="bbox 184 2181 1350 2271; baseline 0.001 -25"><span class='ocrx_word' id='word_1_111' title='bbox 184 2183 299 2270; x_wconf 90' lang='lat' dir='ltr'>pastori</span> <span class='ocrx_word' id='word_1_112' title='bbox 320 2183 510 2248; x_wconf 86' lang='lat' dir='ltr'>oboedientia</span> <span class='ocrx_word' id='word_1_113' title='bbox 530 2182 645 2271; x_wconf 88' lang='lat' dir='ltr'>gregis,</span> <span class='ocrx_word' id='word_1_114' title='bbox 661 2207 720 2247; x_wconf 90' lang='lat' dir='ltr'>nec</span> <span class='ocrx_word' id='word_1_115' title='bbox 734 2183 824 2270; x_wconf 87' lang='lat' dir='ltr'>gregi</span> <span class='ocrx_word' id='word_1_116' title='bbox 839 2185 995 2267; x_wconf 67' lang='lat' dir='ltr'>unquamss</span> <span class='ocrx_word' id='word_1_117' title='bbox 1010 2181 1090 2245; x_wconf 84' lang='lat' dir='ltr'>desit</span> <span class='ocrx_word' id='word_1_118' title='bbox 1104 2205 1180 2246; x_wconf 90' lang='lat' dir='ltr'>cura</span> <span class='ocrx_word' id='word_1_119' title='bbox 1205 2185 1350 2269; x_wconf 82' lang='lat' dir='ltr'>pastoris.</span> 
     </span>
     <span class='ocr_line' id='line_1_18' title="bbox 186 2289 302 2352; baseline -0.009 0"><span class='ocrx_word' id='word_1_120' title='bbox 186 2289 302 2352; x_wconf 89' lang='lat' dir='ltr'>Amen.</span> 
     </span>
    </p>

    <p class='ocr_par' dir='ltr' id='par_1_9' title="bbox 184 2387 1351 2560">
     <span class='ocr_line' id='line_1_19' title="bbox 229 2387 1351 2476; baseline 0.003 -22"><span class='ocrx_word' id='word_1_121' title='bbox 229 2392 286 2455; x_wconf 90' lang='lat' dir='ltr'>Ille</span> <span class='ocrx_word' id='word_1_122' title='bbox 301 2415 357 2456; x_wconf 87' lang='lat' dir='ltr'>voe</span> <span class='ocrx_word' id='word_1_123' title='bbox 370 2389 535 2454; x_wconf 86' lang='lat' dir='ltr'>benedicat</span> <span class='ocrx_word' id='word_1_124' title='bbox 549 2389 588 2452; x_wconf 90' lang='lat' dir='ltr'>de</span> <span class='ocrx_word' id='word_1_125' title='bbox 604 2388 698 2464; x_wconf 67' lang='lat' dir='ltr'>ecelis,</span> <span class='ocrx_word' id='word_1_126' title='bbox 710 2388 764 2472; x_wconf 91' lang='lat' dir='ltr'>qui</span> <span class='ocrx_word' id='word_1_127' title='bbox 780 2411 870 2451; x_wconf 87' lang='lat' dir='ltr'>causa</span> <span class='ocrx_word' id='word_1_128' title='bbox 885 2400 996 2452; x_wconf 88' lang='lat' dir='ltr'>nostrae</span> <span class='ocrx_word' id='word_1_129' title='bbox 1011 2387 1118 2452; x_wconf 84' lang='lat' dir='ltr'>salutis</span> <span class='ocrx_word' id='word_1_130' title='bbox 1133 2387 1290 2476; x_wconf 86' lang='lat' dir='ltr'>dignatus</span> <span class='ocrx_word' id='word_1_131' title='bbox 1305 2405 1351 2457; x_wconf 86' lang='lat' dir='ltr'>cst</span> 
     </span>
     <span class='ocr_line' id='line_1_20' title="bbox 184 2491 615 2560; baseline -0.005 -4"><span class='ocrx_word' id='word_1_132' title='bbox 184 2494 291 2560; x_wconf 85' lang='lat' dir='ltr'>venire</span> <span class='ocrx_word' id='word_1_133' title='bbox 306 2495 339 2558; x_wconf 93' lang='lat' dir='ltr'>in</span> <span class='ocrx_word' id='word_1_134' title='bbox 355 2491 453 2558; x_wconf 86' lang='lat' dir='ltr'>terris.</span> <span class='ocrx_word' id='word_1_135' title='bbox 500 2493 615 2556; x_wconf 89' lang='lat' dir='ltr'>Amen.</span> 
     </span>
    </p>

    <p class='ocr_par' dir='ltr' id='par_1_10' title="bbox 230 2595 573 2685">
     <span class='ocr_line' id='line_1_21' title="bbox 230 2595 573 2685; baseline -0.015 -22"><span class='ocrx_word' id='word_1_136' title='bbox 230 2597 321 2677; x_wconf 78' lang='lat' dir='ltr'>Quod</span> <span class='ocrx_word' id='word_1_137' title='bbox 336 2599 411 2685; x_wconf 90' lang='lat' dir='ltr'>ipse.</span> <span class='ocrx_word' id='word_1_138' title='bbox 457 2595 573 2660; x_wconf 88' lang='lat' dir='ltr'>Amen.</span> 
     </span>
    </p>

    <p class='ocr_par' dir='ltr' id='par_1_11' title="bbox 230 2700 583 2768">
     <span class='ocr_line' id='line_1_22' title="bbox 230 2700 583 2768; baseline -0.011 -2"><span class='ocrx_word' id='word_1_139' title='bbox 230 2703 422 2768; x_wconf 88' lang='lat' dir='ltr'>Benedictio.</span> <span class='ocrx_word' id='word_1_140' title='bbox 469 2700 583 2763; x_wconf 85' lang='lat' dir='ltr'>Amen.</span> 
     </span>
    </p>
   </div>
   <div class='ocr_carea' id='block_1_4' title="bbox 603 2833 921 2898">
    <p class='ocr_par' dir='ltr' id='par_1_12' title="bbox 603 2833 921 2898">
     <span class='ocr_line' id='line_1_23' title="bbox 603 2833 921 2898; baseline 0.003 -3"><span class='ocrx_word' id='word_1_141' title='bbox 603 2833 660 2895; x_wconf 85' lang='lat' dir='ltr'>Ad</span> <span class='ocrx_word' id='word_1_142' title='bbox 675 2835 921 2898; x_wconf 79' lang='lat' dir='ltr'>communionem.</span> 
     </span>
    </p>
   </div>
   <div class='ocr_carea' id='block_1_5' title="bbox 186 2959 1351 3128">
    <p class='ocr_par' dir='ltr' id='par_1_13' title="bbox 186 2959 1351 3128">
     <span class='ocr_line' id='line_1_24' title="bbox 232 2959 1351 3049; baseline 0.008 -25"><span class='ocrx_word' id='word_1_143' title='bbox 232 2961 308 3024; x_wconf 81' lang='lat' dir='ltr'>Haec</span> <span class='ocrx_word' id='word_1_144' title='bbox 333 2986 389 3025; x_wconf 88' lang='lat' dir='ltr'>nos</span> <span class='ocrx_word' id='word_1_145' title='bbox 415 2959 607 3037; x_wconf 87' lang='lat' dir='ltr'>communio,</span> <span class='ocrx_word' id='word_1_146' title='bbox 635 2960 782 3039; x_wconf 88' lang='lat' dir='ltr'>Domine,</span> <span class='ocrx_word' id='word_1_147' title='bbox 807 2976 921 3049; x_wconf 87' lang='lat' dir='ltr'>purget</span> <span class='ocrx_word' id='word_1_148' title='bbox 945 2987 963 3026; x_wconf 83' lang='lat' dir='ltr'>n</span> <span class='ocrx_word' id='word_1_149' title='bbox 988 2962 1131 3040; x_wconf 87' lang='lat' dir='ltr'>crimine,</span> <span class='ocrx_word' id='word_1_150' title='bbox 1156 2975 1189 3027; x_wconf 89' lang='lat' dir='ltr'>et</span> <span class='ocrx_word' id='word_1_151' title='bbox 1213 2963 1351 3033; x_wconf 87' lang='lat' dir='ltr'>eoelestis</span> 
     </span>
     <span class='ocr_line' id='line_1_25' title="bbox 186 3063 796 3128; baseline 0.003 -2"><span class='ocrx_word' id='word_1_152' title='bbox 186 3063 317 3127; x_wconf 90' lang='lat' dir='ltr'>remedii</span> <span class='ocrx_word' id='word_1_153' title='bbox 332 3064 425 3128; x_wconf 87' lang='lat' dir='ltr'>faciat</span> <span class='ocrx_word' id='word_1_154' title='bbox 440 3082 503 3124; x_wconf 86' lang='lat' dir='ltr'>csse</span> <span class='ocrx_word' id='word_1_155' title='bbox 519 3075 681 3128; x_wconf 88' lang='lat' dir='ltr'>consortes.</span> <span class='ocrx_word' id='word_1_156' title='bbox 729 3064 796 3128; x_wconf 91' lang='lat' dir='ltr'>Per.</span> 
     </span>
    </p>
   </div>
   <div class='ocr_carea' id='block_1_6' title="bbox 583 3235 953 3325">
    <p class='ocr_par' dir='ltr' id='par_1_14' title="bbox 583 3235 953 3325">
     <span class='ocr_line' id='line_1_26' title="bbox 583 3235 953 3325; baseline 0.005 -27"><span class='ocrx_word' id='word_1_157' title='bbox 583 3235 662 3299; x_wconf 84' lang='lat' dir='ltr'>Alio</span> <span class='ocrx_word' id='word_1_158' title='bbox 677 3238 720 3301; x_wconf 85' lang='lat' dir='ltr'>ud</span> <span class='ocrx_word' id='word_1_159' title='bbox 733 3239 953 3325; x_wconf 80' lang='lat' dir='ltr'>complendam.</span> 
     </span>
    </p>
   </div>
   <div class='ocr_carea' id='block_1_7' title="bbox 187 3364 1350 3560">
    <p class='ocr_par' dir='ltr' id='par_1_15' title="bbox 187 3364 1350 3560">
     <span class='ocr_line' id='line_1_27' title="bbox 233 3364 1349 3450; baseline 0.005 -22"><span class='ocrx_word' id='word_1_160' title='bbox 233 3364 378 3443; x_wconf 85' lang='lat' dir='ltr'>Plenum,</span> <span class='ocrx_word' id='word_1_161' title='bbox 398 3386 571 3450; x_wconf 88' lang='lat' dir='ltr'>quaesumus</span> <span class='ocrx_word' id='word_1_162' title='bbox 596 3364 743 3445; x_wconf 91' lang='lat' dir='ltr'>Domine,</span> <span class='ocrx_word' id='word_1_163' title='bbox 767 3367 801 3430; x_wconf 96' lang='lat' dir='ltr'>in</span> <span class='ocrx_word' id='word_1_164' title='bbox 823 3367 913 3431; x_wconf 89' lang='lat' dir='ltr'>nobis</span> <span class='ocrx_word' id='word_1_165' title='bbox 936 3365 1109 3430; x_wconf 88' lang='lat' dir='ltr'>remedium</span> <span class='ocrx_word' id='word_1_166' title='bbox 1134 3378 1195 3429; x_wconf 87' lang='lat' dir='ltr'>tuae</span> <span class='ocrx_word' id='word_1_167' title='bbox 1219 3368 1349 3434; x_wconf 86' lang='lat' dir='ltr'>misera·</span> 
     </span>
     <span class='ocr_line' id='line_1_28' title="bbox 187 3467 1350 3560; baseline 0.006 -28"><span class='ocrx_word' id='word_1_168' title='bbox 187 3467 281 3534; x_wconf 87' lang='lat' dir='ltr'>tionis</span> <span class='ocrx_word' id='word_1_169' title='bbox 301 3492 438 3557; x_wconf 88' lang='lat' dir='ltr'>operare,</span> <span class='ocrx_word' id='word_1_170' title='bbox 460 3479 491 3532; x_wconf 89' lang='lat' dir='ltr'>et</span> <span class='ocrx_word' id='word_1_171' title='bbox 514 3468 591 3532; x_wconf 89' lang='lat' dir='ltr'>tales</span> <span class='ocrx_word' id='word_1_172' title='bbox 615 3493 671 3534; x_wconf 91' lang='lat' dir='ltr'>nos</span> <span class='ocrx_word' id='word_1_173' title='bbox 695 3493 759 3535; x_wconf 85' lang='lat' dir='ltr'>esse</span> <span class='ocrx_word' id='word_1_174' title='bbox 782 3469 907 3558; x_wconf 85' lang='lat' dir='ltr'>perfice,</span> <span class='ocrx_word' id='word_1_175' title='bbox 928 3483 964 3535; x_wconf 92' lang='lat' dir='ltr'>ut</span> <span class='ocrx_word' id='word_1_176' title='bbox 981 3469 1134 3557; x_wconf 90' lang='lat' dir='ltr'>propitius</span> <span class='ocrx_word' id='word_1_177' title='bbox 1152 3494 1208 3535; x_wconf 88' lang='lat' dir='ltr'>nos</span> <span class='ocrx_word' id='word_1_178' title='bbox 1228 3473 1350 3560; x_wconf 86' lang='lat' dir='ltr'>ubique</span> 
     </span>
    </p>
   </div>
   <div class='ocr_carea' id='block_1_8' title="bbox 188 3572 568 3661">
    <p class='ocr_par' dir='ltr' id='par_1_16' title="bbox 188 3572 568 3661">
     <span class='ocr_line' id='line_1_29' title="bbox 188 3572 568 3661; baseline -0.005 -25"><span class='ocrx_word' id='word_1_179' title='bbox 188 3572 292 3639; x_wconf 89' lang='lat' dir='ltr'>fovere</span> <span class='ocrx_word' id='word_1_180' title='bbox 307 3573 454 3661; x_wconf 89' lang='lat' dir='ltr'>digneris.</span> <span class='ocrx_word' id='word_1_181' title='bbox 501 3572 568 3636; x_wconf 91' lang='lat' dir='ltr'>Per.</span> 
     </span>
    </p>
   </div>
   <div class='ocr_carea' id='block_1_9' title="bbox 230 3814 1310 3980">
    <p class='ocr_par' dir='ltr' id='par_1_17' title="bbox 230 3814 1310 3980">
     <span class='ocr_line' id='line_1_30' title="bbox 230 3814 1310 3885; baseline 0 -5"><span class='ocrx_word' id='word_1_182' title='bbox 230 3814 488 3880; x_wconf 81' lang='lat' dir='ltr'>CONFIRMATIO</span> <span class='ocrx_word' id='word_1_183' title='bbox 503 3830 682 3877; x_wconf 86' lang='lat' dir='ltr'>HOMINUM</span> <span class='ocrx_word' id='word_1_184' title='bbox 697 3831 745 3875; x_wconf 84' lang='lat' dir='ltr'>AB</span> <span class='ocrx_word' id='word_1_185' title='bbox 763 3829 937 3878; x_wconf 82' lang='lat' dir='ltr'>EPISOOPO</span> <span class='ocrx_word' id='word_1_186' title='bbox 953 3831 1116 3878; x_wconf 84' lang='lat' dir='ltr'>DIOENDA</span> <span class='ocrx_word' id='word_1_187' title='bbox 1131 3830 1310 3885; x_wconf 88' lang='lat' dir='ltr'>QUOMODO</span> 
     </span>
     <span class='ocr_line' id='line_1_31' title="bbox 573 3933 960 3980; baseline 0 0"><span class='ocrx_word' id='word_1_188' title='bbox 573 3933 811 3980; x_wconf 80' lang='lat' dir='ltr'>OONFIRMARE</span> <span class='ocrx_word' id='word_1_189' title='bbox 831 3933 960 3980; x_wconf 82' lang='lat' dir='ltr'><strong>DEBET.</strong></span> 
     </span>
    </p>
   </div>
   <div class='ocr_carea' id='block_1_10' title="bbox 189 4053 1351 4244">
    <p class='ocr_par' dir='ltr' id='par_1_18' title="bbox 189 4053 1351 4244">
     <span class='ocr_line' id='line_1_32' title="bbox 234 4053 1350 4143; baseline 0.004 -26"><span class='ocrx_word' id='word_1_190' title='bbox 234 4054 440 4143; x_wconf 89' lang='lat' dir='ltr'>Omnipotens</span> <span class='ocrx_word' id='word_1_191' title='bbox 455 4053 642 4138; x_wconf 87' lang='lat' dir='ltr'>sempiterne</span> <span class='ocrx_word' id='word_1_192' title='bbox 658 4055 754 4131; x_wconf 87' lang='lat' dir='ltr'>Deus,</span> <span class='ocrx_word' id='word_1_193' title='bbox 770 4053 825 4138; x_wconf 93' lang='lat' dir='ltr'>qui</span> <span class='ocrx_word' id='word_1_194' title='bbox 840 4057 1037 4138; x_wconf 78' lang='lat' dir='ltr'>regenerare§</span> <span class='ocrx_word' id='word_1_195' title='bbox 1055 4053 1202 4139; x_wconf 85' lang='lat' dir='ltr'>dignatus</span> <span class='ocrx_word' id='word_1_196' title='bbox 1217 4077 1249 4118; x_wconf 89' lang='lat' dir='ltr'>es</span> <span class='ocrx_word' id='word_1_197' title='bbox 1260 4055 1350 4123; x_wconf 83' lang='lat' dir='ltr'>hunc</span> 
     </span>
     <span class='ocr_line' id='line_1_33' title="bbox 189 4152 1351 4244; baseline 0.01 -30"><span class='ocrx_word' id='word_1_198' title='bbox 189 4152 341 4220; x_wconf 88' lang='lat' dir='ltr'>famulum</span> <span class='ocrx_word' id='word_1_199' title='bbox 371 4169 462 4219; x_wconf 85' lang='lat' dir='ltr'>tuum</span> <span class='ocrx_word' id='word_1_200' title='bbox 489 4177 530 4216; x_wconf 89' lang='lat' dir='ltr'>ex</span> <span class='ocrx_word' id='word_1_201' title='bbox 555 4179 635 4240; x_wconf 85' lang='lat' dir='ltr'>aqua</span> <span class='ocrx_word' id='word_1_202' title='bbox 661 4168 693 4220; x_wconf 89' lang='lat' dir='ltr'>et</span> <span class='ocrx_word' id='word_1_203' title='bbox 721 4155 840 4243; x_wconf 86' lang='lat' dir='ltr'>Spiritu</span> <span class='ocrx_word' id='word_1_204' title='bbox 873 4154 996 4237; x_wconf 86' lang='lat' dir='ltr'>Sancto,</span> <span class='ocrx_word' id='word_1_205' title='bbox 1028 4157 1143 4244; x_wconf 91' lang='lat' dir='ltr'>quique</span> <span class='ocrx_word' id='word_1_206' title='bbox 1173 4157 1287 4221; x_wconf 92' lang='lat' dir='ltr'>dedisti</span> <span class='ocrx_word' id='word_1_207' title='bbox 1318 4162 1351 4226; x_wconf 89' lang='lat' dir='ltr'>ei</span> 
     </span>
    </p>
   </div>
   <div class='ocr_carea' id='block_1_11' title="bbox 287 4282 1163 4428">
    <p class='ocr_par' dir='ltr' id='par_1_19' title="bbox 287 4282 1163 4428">
     <span class='ocr_line' id='line_1_34' title="bbox 287 4282 1162 4344; baseline -0.001 -12"><span class='ocrx_word' id='word_1_208' title='bbox 287 4282 302 4316; x_wconf 90' lang='lat'><strong><em>*</em></strong></span> <span class='ocrx_word' id='word_1_209' title='bbox 320 4284 491 4343; x_wconf 70' lang='lat' dir='ltr'>nequidem.</span> <span class='ocrx_word' id='word_1_210' title='bbox 946 4288 963 4344; x_wconf 85' lang='lat'>†</span> <span class='ocrx_word' id='word_1_211' title='bbox 981 4288 1032 4335; x_wconf 86' lang='lat' dir='ltr'>MS.</span> <span class='ocrx_word' id='word_1_212' title='bbox 1044 4301 1162 4332; x_wconf 84' lang='lat' dir='ltr'>muneras.</span> 
     </span>
     <span class='ocr_line' id='line_1_35' title="bbox 287 4363 1163 4428; baseline 0.006 -18"><span class='ocrx_word' id='word_1_213' title='bbox 287 4367 303 4422; x_wconf 82' lang='lat'>‡</span> <span class='ocrx_word' id='word_1_214' title='bbox 321 4366 373 4411; x_wconf 83' lang='lat' dir='ltr'>MS.</span> <span class='ocrx_word' id='word_1_215' title='bbox 384 4363 549 4424; x_wconf 81' lang='lat' dir='ltr'>gregiumque.</span> <span class='ocrx_word' id='word_1_216' title='bbox 949 4367 963 4427; x_wconf 91' lang='lat'>§</span> <span class='ocrx_word' id='word_1_217' title='bbox 984 4370 1035 4415; x_wconf 86' lang='lat' dir='ltr'>MS.</span> <span class='ocrx_word' id='word_1_218' title='bbox 1048 4382 1163 4428; x_wconf 80' lang='lat' dir='ltr'>regerere.</span> 
     </span>
    </p>
   </div>
   <div class='ocr_carea' id='block_1_12' title="bbox 0 0 1449 4934">
    <p class='ocr_par' dir='ltr' id='par_1_20' title="bbox 0 0 1449 4934">
     <span class='ocr_line' id='line_1_36' title="bbox 0 0 1449 4934; baseline 0 0"><span class='ocrx_word' id='word_1_219' title='bbox 0 0 1449 4934; x_wconf 95' lang='lat' dir='ltr'> </span> 
     </span>
    </p>
   </div>
  </div>
 </body>
</html>
