2866 4934
489 372 730 420 rox'rlslcnuu
747 374 969 422 Eccssnuurr.

368 616 405 677 In
424 617 525 681 rretnle
543 617 650 683 Sancti
665 618 814 703 Stephani
823 622 1114 704 proto-martyres.

191 734 286 811 Deus,
312 737 366 818 qui
394 739 518 801 linitum
550 737 743 825 Stephanum
770 750 1063 825 proto-martyrem
1094 734 1275 817 coronevit,
1298 754 1321 802 et

147 838 338 903 corilissione
365 841 435 904 lidei
461 856 492 904 et
514 866 615 927 ugone
636 842 778 927 martyrii
798 852 920 904 mentes
934 854 1067 906 vestras
1090 844 1283 919 circumdet,
1296 854 1320 904 et
1410 894 1413 909 .

148 941 181 1003 in
206 942 341 1027 presenti
367 945 477 1007 sun-ulo
501 969 614 1008 corona
634 945 775 1028 justitiis,
791 957 822 1008 et
842 944 876 1006 in
898 944 1012 1008 suturo
1034 948 1205 1032 perducat
1219 970 1273 1010 vos
1288 945 1319 1007 nd
1404 961 1406 970 ’

149 1068 293 1107 eoronam
310 1045 425 1129 gloriis.
473 1048 587 1109 Amen.

196 1148 282 1210 lllius
308 1149 437 1212 obtentu
459 1150 576 1212 tribunt
602 1149 690 1211 vobis
719 1148 777 1211 l)ei
805 1159 836 1210 et
862 1148 1008 1232 proximi
1037 1151 1182 1215 caritate
1209 1172 1318 1236 semper

148 1253 328 1329 exuberare,
356 1254 410 1337 qui
438 1253 518 1315 hunc
544 1252 665 1315 studuit
693 1252 786 1315 etiam
819 1250 899 1313 inter
930 1251 1160 1336 lapidantium
1193 1256 1317 1340 impetus

149 1357 300 1419 obtinere.
348 1358 462 1418 ⁴lmen.

195 1460 264 1537 Quo
283 1459 349 1541 ejus
373 1472 405 1520 et
427 1460 573 1545 exmuplo
596 1459 730 1522 roborati
753 1472 785 1523 et
806 1457 1032 1521 intercessione
1055 1461 1195 1539 muniti,
1217 1462 1314 1535 abeo,
1394 1486 1397 1491 ’

148 1586 241 1647 quem
254 1562 307 1623 ille
319 1586 336 1622 a
349 1561 467 1624 dextris
479 1562 538 1625 Ilei
548 1562 636 1627 videt
646 1576 790 1639 stentem,
803 1560 987 1624 mereamini
999 1562 1170 1633 benedici.
1207 1566 1314 1628 Arnen.
1405 1543 1409 1558 ⁴

194 1664 286 1743 Quod
301 1663 376 1748 ipse.
422 1666 537 1728 Amen.
629 1666 821 1730 Benedictio
866 1664 984 1727 Amen.

293 1838 470 1901 Benedictio
486 1841 517 1901 in
535 1840 638 1903 natale
654 1839 761 1903 Sancti
775 1837 929 1901 Jolronnis
944 1837 1177 1924 Ecauqelistoe.

194 1970 401 2054 Omnipotens
435 1972 517 2033 lleus
548 1972 696 2057 dignetur
727 1971 815 2034 vobis
846 1992 902 2056 per
935 1968 1205 2038 intercessionem
1237 1975 1314 2039 beati

150 2072 307 2137 :iohannis
341 2072 486 2157 Apostoli
520 2088 551 2137 et
588 2075 796 2161 Evangelistm
828 2072 1024 2151 benedicere,
1059 2077 1121 2162 qui
1154 2102 1214 2164 per
1246 2103 1312 2143 eum

147 2176 281 2240 archana
298 2176 384 2239 verbi
400 2178 447 2239 sui
463 2178 563 2240 voluit
580 2180 721 2242 mcelesisc
736 2202 797 2240 sure
812 2176 956 2240 revelare.
1005 2177 1131 2242 Arnen.

193 2281 351 2344 Coneedut
377 2281 464 2343 robis
488 2293 523 2343 ut
548 2282 632 2366 quod
657 2282 709 2344 ille
737 2281 870 2367 Spiritus
898 2279 1005 2342 Sancti
1030 2304 1173 2348 munere
1198 2285 1313 2350 afflatus

147 2385 256 2446 vestris
280 2384 406 2446 mnibus
430 2385 619 2446 excellenter
643 2384 772 2460 inludit,
789 2384 927 2466 ejusdem
946 2382 1088 2468 Spiritus
1104 2387 1196 2453 dono
1210 2413 1313 2476 capere

150 2499 256 2548 mente
272 2486 410 2547 valeatis.
457 2488 570 2548 Amen.

191 2590 260 2668 Quo
279 2590 345 2672 ejus
365 2589 553 2652 documento
569 2590 607 2652 de
623 2590 788 2653 divinitate
800 2589 897 2654 nostri
914 2588 1144 2676 Redernptoris
1156 2597 1274 2674 edocti,
1286 2608 1314 2659 et

147 2693 281 2755 ernaudo
302 2692 386 2777 quod
402 2692 540 2769 tradidit,
558 2706 589 2754 et
604 2693 795 2777 predicando
817 2693 901 2779 quod
923 2692 1044 2770 docuit,
1061 2708 1098 2758 et
1112 2700 1315 2786 exsequendo

149 2797 233 2880 quod
245 2797 349 2878 jussit,
363 2796 402 2857 ad
412 2796 493 2858 dona
502 2796 666 2881 pervenire
678 2797 871 2875 mereamini,
885 2818 952 2882 quse
962 2794 1050 2859 idem
1061 2797 1088 2861 J
1088 2822 1164 2864 esus
1175 2803 1316 2868 Christus

151 2898 305 2960 Dominus
320 2911 424 2960 noster
440 2898 626 2984 repromisit.
672 2899 788 2961 Amen.

195 3000 286 3077 Quod
301 3001 375 3083 ipse.
421 3002 536 3062 Amen.
627 3001 820 3065 Benedictio
868 3003 981 3065 Amen.

518 3171 695 3236 Benedictio
711 3176 932 3238 [trementium.

197 3296 403 3384 Omnipotens
430 3296 526 3374 Deus,
554 3322 610 3385 pro
641 3301 728 3384 cujus
760 3302 928 3388 Unigeniti
954 3306 1137 3371 veneranda
1168 3311 1317 3393 infantia,

151 3401 307 3465 infantum
330 3401 546 3464 innocentium
570 3415 708 3466 cet-ernas
730 3405 865 3469 Herodis
889 3405 1004 3469 funesti
1029 3412 1171 3491 peremit
1192 3419 1316 3497 sevitie,

151 3532 212 3572 suae
227 3508 315 3571 vobis
330 3506 557 3571 benedictionis
573 3507 691 3569 tribuat
706 3510 787 3572 dona
803 3510 985 3596 gratissima.
1031 3510 1154 3578 Amen.

196 3614 239 3676 Et
253 3612 307 3697 qui
323 3611 366 3674 eis
381 3610 532 3675 concessit
552 3623 588 3673 ut
608 3609 738 3672 unicum
755 3612 874 3674 Filium
890 3613 956 3696 ejus
972 3611 1150 3681 Dominum
1170 3636 1318 3689 nostrum

149 3743 213 3780 non
229 3715 385 3802 loquendo
401 3714 454 3777 sed
470 3715 631 3776 moriendo
646 3714 880 3792 confiterentur,
893 3715 1043 3778 concedat
1053 3718 1148 3782 vobis
1162 3736 1204 3786 ut
1219 3725 1318 3792 fidem

151 3845 268 3899 veram,
286 3842 378 3904 quarn
400 3817 509 3903 lingua
529 3831 631 3880 vestra
651 3816 777 3892 fatetur,
794 3817 888 3880 etiam
903 3841 1004 3880 mores
1017 3820 1110 3902 probi
1133 3837 1169 3887 et
1184 3828 1256 3894 vita
1271 3833 1319 3895 in·

152 3923 315 4009 culpabilis
331 3921 471 3983 fateatur.

198 4028 319 4111 Quique
340 4047 392 4086 eos
413 4023 609 4108 primitivum
627 4022 765 4083 fructum
781 4035 893 4085 sanctae
908 4047 968 4086 suae
983 4025 1120 4111 suscepit
1136 4029 1320 4118 AEeelesiae

153 4152 224 4191 cum
255 4131 359 4192 fructu
388 4126 540 4189 bonorum
571 4146 701 4208 operum
729 4145 784 4184 vos
814 4123 906 4188 faciat
936 4125 1100 4213 pervenire
1127 4132 1171 4196 ad
1199 4142 1322 4223 gaudia

153 4241 272 4291 aeternae
286 4228 402 4313 petrice.
448 4228 563 4290 Amen.

199 4331 312 4408 Quod
304 4352 378 4414 ipse.
425 4329 538 4390 Amen.
629 4320 824 4388 Benedictio.
871 4328 985 4392 Amen.
