2866 4934
132 373 193 432 134
473 381 718 430 rourrrrennn
735 380 954 427 nconnanm.

540 625 769 688 Bnuanromo
785 640 878 688 vnu.

173 762 309 827 Domine
334 760 540 845 Omnipotens
556 758 689 836 Christe,
706 758 761 843 qui
782 781 823 821 ex
845 758 984 843 quinque
1009 757 1143 843 panibus
1154 769 1186 821 et
1207 757 1283 821 duo-

129 866 186 930 bus
212 864 348 950 piscibus
371 863 509 948 quinque
533 860 620 924 milia
640 860 807 923 hominum
830 861 957 937 satiasti,
974 872 1005 923 et
1028 861 1061 922 in
1090 859 1198 924 Chana
1225 860 1285 924 Ga-

128 967 207 1030 lileae
230 989 272 1030 ex
296 988 376 1051 aqua
397 965 509 1027 vinum
532 962 642 1041 fecisti,
664 963 720 1048 qui
741 986 773 1026 es
787 963 862 1026 vitis
882 985 970 1025 vera:
994 963 1170 1048 multiplica
1192 986 1285 1048 super

129 1092 231 1134 servos
261 1081 330 1131 tuos
360 1065 602 1130 misericordiam
632 1064 757 1151 pietatis
787 1077 858 1142 tuac,
889 1065 1154 1149 quemadmodum
1184 1065 1285 1129 fecisti

128 1196 201 1236 cum
215 1171 354 1257 patribus
369 1169 481 1232 nostris
491 1169 525 1231 in
534 1180 588 1232 tua
600 1167 808 1232 misericordia
820 1167 1028 1254 sperantibus:
1051 1166 1285 1249 beneq-adicere

129 1286 160 1337 et
172 1270 412 1353 sanctifflficare
422 1270 559 1356 digneris
567 1270 648 1334 hanc
658 1282 828 1334 creaturam
838 1269 916 1347 vini,
927 1293 1020 1354 quam
1032 1269 1073 1332 ad
1082 1269 1284 1333 substantiam

128 1399 287 1439 servorum
311 1386 436 1438 tuorum
455 1373 601 1451 tribuisti,
618 1385 654 1436 ut
675 1373 865 1457 ubicumque
880 1395 921 1434 ex
944 1371 1003 1434 hac
1026 1385 1164 1435 creatura
1179 1371 1282 1433 fusum

129 1477 233 1555 fuerit,
250 1478 301 1541 vel
314 1501 332 1540 a
347 1475 486 1561 quolibet
500 1486 654 1561 potatum,
665 1475 779 1537 divinae
789 1474 1015 1538 benedictionis
1026 1487 1087 1537 tuae
1098 1474 1296 1559 opitulentia

128 1580 294 1664 repleatur,
315 1592 351 1641 ut
376 1578 598 1663 accipientibus
620 1601 661 1640 ex
686 1600 723 1640 eo
747 1601 819 1640 cum
841 1577 1012 1662 gratiarum
1034 1576 1156 1640 actione
1171 1574 1283 1640 sancti-

130 1680 240 1744 ficetur
255 1680 289 1742 in
303 1679 473 1744 visceribus
487 1703 610 1745 eorum:
637 1679 778 1743 Salvator
792 1679 912 1743 mundi.

427 1851 504 1916 Pae
520 1869 721 1916 ocu-nonum
737 1869 991 1915 mrmumnrn.

174 1989 363 2052 Benedieere
393 1999 425 2052 et
450 1986 641 2052 sanctificare
664 1986 803 2073 digneris
831 1986 1036 2072 Omnipotens
1060 2000 1173 2051 aeterne
1199 1988 1284 2050 Deus

129 2089 211 2154 hanc
236 2101 410 2154 creaturam
437 2089 478 2154 N.
503 2088 675 2166 oculorum,
701 2111 794 2173 quarn
816 2088 1030 2152 benedicimus
1052 2089 1085 2151 in
1108 2100 1163 2152 tuo
1179 2102 1284 2152 sancto

130 2192 268 2272 nomine,
281 2204 313 2256 ct
337 2192 413 2255 Filii
436 2192 485 2256 tui
507 2191 586 2257 Jesu
601 2190 728 2268 Christi,
744 2202 776 2254 et
803 2191 937 2277 Spiritus
963 2190 1080 2268 Sancti,
1096 2204 1133 2255 ut
1148 2193 1188 2255 sit
1201 2192 1285 2278 ignis

130 2295 241 2361 ardens
264 2295 409 2358 adversus
434 2293 561 2358 insidias
590 2293 718 2371 diaboli,
745 2305 777 2356 et
805 2306 922 2379 prestet
951 2294 1113 2357 sanitatem
1144 2295 1283 2358 dolorem

130 2398 272 2484 patienti.
320 2398 410 2476 Sana,
437 2397 583 2474 Domine,
611 2397 716 2461 oculos
739 2396 876 2460 hominis
890 2397 990 2474 istius,
1006 2397 1057 2459 cui
1071 2397 1284 2461 benedicimus

130 2500 212 2564 hanc
236 2512 408 2563 creaturam
433 2499 474 2564 N.
502 2499 675 2577 oculorum,
699 2499 780 2562 sicut
802 2499 914 2563 sanasti
930 2498 1034 2562 oculos
1058 2500 1157 2564 Tobie
1172 2501 1281 2576 sancti,

130 2610 163 2662 et
187 2598 267 2662 sicut
293 2597 441 2684 aperuisti
466 2597 571 2662 oculos
597 2597 731 2660 duorum
757 2621 907 2661 caecorum
932 2600 1135 2664 clamantium
1160 2603 1219 2665 tibi
1249 2603 1283 2665 in

130 2700 305 2786 evangelio,
322 2712 354 2764 et
368 2700 557 2764 dicentimn:
574 2699 722 2764 Miserere
730 2700 830 2764 nostri
840 2701 905 2764 Fili
915 2703 1035 2768 David:
1052 2716 1083 2766 et
1098 2704 1242 2769 misertus
1254 2730 1286 2769 es

131 2801 204 2880 illis,
220 2815 252 2866 et
266 2802 365 2889 aperti
380 2814 452 2866 sunt
467 2802 550 2867 oculi
564 2824 682 2866 eorum.
729 2803 797 2866 Per.

219 2975 430 3039 ORATIONES
445 2992 608 3040 DICENDE
623 2992 701 3039 CUM
715 2992 912 3041 ADORATUR
929 2977 1073 3043 SANCTA
1088 2980 1202 3044 CRUX.

176 3109 312 3173 Domine
327 3111 405 3174 ‹lesu
421 3109 553 3189 Christe,
574 3110 794 3196 gloriosissime
818 3112 962 3176 conditor
985 3114 1108 3194 mundi,
1133 3115 1187 3200 qui
1212 3139 1283 3179 cum

131 3211 294 3296 splendore
308 3211 414 3296 gloriae
427 3212 551 3297 aequalis
562 3213 648 3276 Patri
666 3212 841 3299 Sancteque
859 3213 991 3300 Spiritui
1006 3240 1129 3280 carnem
1145 3218 1286 3282 inmacu-

131 3313 227 3377 latam
250 3335 403 3378 assumere
425 3313 572 3400 dignatus
595 3338 636 3392 es,
658 3327 689 3379 et
703 3316 937 3402 gloriosissimas
951 3331 1020 3382 tuas
1035 3333 1153 3383 sanctas
1167 3321 1286 3406 palmas

131 3415 230 3480 erucis
244 3417 385 3504 patibulo
400 3417 567 3504 permisisti
582 3416 709 3504 configi,
730 3430 766 3482 ut
789 3420 920 3484 claustra
936 3421 1097 3507 dissipares
1112 3423 1237 3500 inferni,
1254 3436 1287 3487 et

130 3520 304 3584 humanum
316 3543 415 3606 genus
425 3520 569 3584 liberares
580 3543 598 3583 a
609 3533 725 3584 morte:
740 3521 884 3585 miserere
895 3523 976 3586 mihi
984 3525 1095 3587 misero
1105 3549 1285 3611 oppressum

131 3622 276 3701 facinore,
301 3646 338 3686 ac
360 3623 571 3709 nequitiarum
588 3623 657 3687 labe
673 3624 876 3702 sordidatum,
892 3648 956 3688 non
979 3647 1030 3688 me
1045 3625 1184 3713 digneris
1199 3626 1287 3691 dere-

130 3723 281 3809 linquere,
297 3724 515 3809 gloriosissime
531 3725 678 3804 Domine,
703 3727 757 3790 sed
781 3726 912 3814 dignare
926 3727 1007 3790 mihi
1021 3728 1186 3815 indulgere
1201 3730 1286 3816 quod

131 3826 250 3889 malum
261 3826 323 3913 egi,
336 3826 452 3890 exaudi
466 3849 517 3891 me
531 3839 719 3913 prostratum
735 3829 776 3893 ad
789 3829 981 3894 adorandum
991 3830 1150 3895 vivificam
1162 3855 1285 3895 crucem

131 3937 229 4004 tuam,
249 3940 286 3992 ut
306 3928 341 3994 in
363 3929 413 3992 his
436 3929 528 3993 sacris
549 3931 728 4017 sollempnis
752 3932 812 3997 tibi
835 3955 955 3997 merear
978 3933 1116 3998 assistere
1131 3935 1284 3998 mundus:

132 4050 291 4111 qu1vrv1s.

662 4137 751 4201 Alia.

176 4245 310 4313 Domine
326 4252 349 4315 ,J
350 4274 403 4314 esu
420 4250 553 4329 Christe,
569 4252 663 4318 adoro
677 4267 709 4320 te
730 4255 765 4317 in
787 4277 878 4318 cruce
894 4257 1125 4336 ascendentem,
1142 4258 1284 4344 spineam

132 4368 277 4412 coronam
299 4353 332 4415 in
355 4355 458 4439 capite
479 4366 671 4439 portantem;
694 4359 843 4444 deprecor
867 4371 910 4437 te,
925 4371 963 4422 ut
984 4359 1050 4444 ipsa
1073 4384 1152 4424 crux
1170 4361 1289 4428 liberet
