2866 4934
569 407 869 455 esuumonoxns.
1258 396 1297 454 95

184 556 233 618 Da
259 557 289 620 ei
314 557 497 644 sapientiam
528 575 654 641 rectam,
682 564 867 650 patientiam
897 564 1070 650 probatam,
1102 561 1295 624 abstinentiae

139 658 299 740 virtutem,
316 674 348 724 et
362 662 461 725 vitam
477 664 579 728 tribue
594 689 772 750 perennem.
819 666 934 730 Amen.

298 833 474 898 Benedictio
489 859 582 922 snper
597 839 710 922 Repete
726 840 853 902 dicendo
868 850 1000 924 ternpore
1017 838 1142 922 Synodi.
1194 823 1196 828 ¹

183 967 353 1032 Benedicat
378 970 438 1034 tibi
461 971 627 1050 Dominus,
651 973 889 1058 custodiensque
915 973 996 1037 sicut
1021 985 1053 1036 te
1075 973 1177 1036 voluit
1203 997 1294 1059 super

137 1071 289 1155 populum
305 1095 395 1134 suum
411 1074 598 1139 constituere
608 1099 726 1163 regem,
739 1077 784 1140 ita
799 1089 831 1140 et
841 1077 876 1138 in
891 1076 1026 1162 presenti
1038 1076 1147 1139 saeculo
1160 1075 1292 1154 felicem,

138 1184 170 1234 et
184 1185 297 1237 aeterne
313 1174 470 1239 felicitatis
486 1177 604 1241 tribuat
618 1201 681 1242 esse
697 1191 880 1243 consortem.
927 1178 1042 1241 Amen.

183 1275 309 1338 Clerum
324 1301 359 1340 ac
374 1279 526 1364 populum
542 1304 635 1365 quem
651 1305 705 1344 sua
720 1282 821 1345 voluit
836 1282 1041 1367 opitulatione
1056 1306 1112 1368 pro
1134 1295 1188 1345 tua
1208 1305 1293 1345 sanc-

137 1376 308 1443 tificatione
323 1383 518 1468 congregari,
530 1407 584 1446 sua
595 1384 822 1470 dispensatione
838 1397 869 1448 et
884 1397 939 1448 tua
953 1384 1224 1448 administratione
1238 1408 1294 1470 per

138 1480 287 1546 diuturna
302 1496 442 1570 tempora
458 1485 551 1549 faciat
567 1485 697 1550 feliciter
711 1487 889 1573 gubernari.
935 1488 1049 1550 Amen.

184 1585 342 1664 Quatenus
376 1588 492 1651 divinis
523 1588 651 1652 monitis
684 1603 838 1676 parentes,
874 1589 1114 1654 adversitatibus
1149 1589 1294 1653 omnibus

137 1700 284 1766 carentes,
306 1690 396 1753 bonis
419 1691 564 1754 omnibus
586 1693 801 1770 exuberantes,
818 1705 873 1755 tuo
891 1693 1064 1756 ministerio
1080 1691 1166 1755 fideli
1189 1716 1293 1756 amore

137 1792 349 1876 obsequentes
365 1805 397 1856 et
412 1793 446 1856 in
461 1795 596 1879 presenti
606 1795 716 1858 saeculo
738 1795 823 1880 pacis
848 1795 1075 1880 tranquillitate
1091 1794 1245 1872 fruantur,
1262 1807 1294 1858 et

137 1906 241 1957 tecum
257 1907 442 1958 aeternorum
458 1897 575 1960 civium
591 1898 745 1961 consortio
760 1898 856 1984 potiri
871 1911 1057 1961 mereantur.
1103 1897 1217 1971 Amen.

183 1997 274 2076 Quod
289 1997 363 2083 ipse.
411 1998 524 2062 Amen.
615 2000 807 2064 Benedictio
852 1999 968 2064 Amen.

504 2171 680 2235 Benedictio
692 2195 784 2258 snper
798 2173 921 2256 Repecn.

180 2309 319 2372 Benedic
352 2309 488 2371 Domine
523 2309 762 2374 clementissime
791 2308 877 2372 hunc
906 2331 1012 2394 regem
1043 2331 1115 2371 cum
1145 2308 1291 2370 universo

134 2411 251 2496 populo
267 2435 332 2490 su0,
349 2412 429 2475 sicut
445 2410 634 2475 benedixisti
645 2410 805 2475 Abraham
822 2411 856 2472 in
871 2410 995 2487 militia,
1011 2409 1096 2473 Isaac
1107 2409 1141 2472 in
1150 2409 1291 2486 victima,

136 2514 237 2578 Jacob
252 2515 286 2577 in
301 2539 423 2601 pascua.
469 2515 584 2578 Amen.

180 2618 229 2681 Da
253 2619 282 2681 ei
305 2619 344 2682 de
367 2641 436 2681 rore
460 2618 530 2681 coeli
553 2618 817 2695 benedictionem,
834 2616 873 2681 de
888 2616 1083 2702 pinguedine
1098 2627 1187 2677 terrae
1202 2614 1292 2678 uber·
1349 2631 1352 2637 '

134 2733 242 2797 tatem,
255 2721 296 2784 de
306 2721 442 2784 inimicis
454 2719 661 2805 triumphum,
675 2720 713 2783 de
723 2719 839 2783 lumbis
854 2719 916 2783 suis
928 2719 1066 2783 sobolem
1076 2730 1291 2803 regnaturum.

136 2823 251 2886 Amen.
328 2845 332 2852 ’

182 2926 229 2990 Sit
250 2926 431 2991 indeficiens
456 2949 542 2989 amor
566 2926 600 2988 in
623 2926 752 3011 populo,
780 2937 813 2987 et
838 2948 901 3012 pax
927 2921 1100 3012 peregrinis
1124 2922 1158 2984 in
1184 2943 1292 3007 regno.

136 3028 250 3092 Amen.

180 3133 271 3211 Quod
285 3133 360 3219 ipse.
406 3134 520 3196 Amen.
611 3131 803 3195 Benedictio
851 3131 966 3195 Amen.

496 3305 671 3368 Benedictio
686 3327 779 3389 snper
793 3304 919 3391 chem.

181 3440 388 3525 Omnipotens
413 3439 499 3502 Deus
522 3439 575 3502 dat
601 3440 660 3503 tibi
687 3441 809 3526 copiam
836 3464 897 3504 suae
924 3438 1162 3513 benedictionis,
1179 3438 1234 3522 qui
1261 3452 1293 3502 te

134 3543 251 3628 populo
267 3566 323 3606 suo
338 3564 457 3628 preesse
472 3541 573 3629 voluit
588 3541 672 3605 dono
688 3566 748 3605 suae
763 3542 978 3605 miserationis.
1025 3540 1140 3604 Amen.

178 3647 317 3710 Dextera
339 3644 487 3731 potentiae
510 3667 571 3707 suae
595 3644 794 3708 inimicorum
821 3656 947 3706 tuorum
963 3643 1042 3706 colla
1057 3654 1242 3728 prosternat,
1259 3656 1292 3705 et

134 3762 166 3812 te
186 3749 342 3813 invictum
369 3747 507 3811 hostium
531 3747 653 3810 feritate
669 3747 810 3832 depressa
834 3745 962 3832 pacifice
985 3769 1116 3832 regnare
1131 3744 1291 3808 concedat.

137 3852 252 3915 Amen.
710 3915 712 3919 .

179 3956 309 4018 Etcum
325 3979 361 4018 e0
377 3954 443 4017 sine
457 3952 521 4016 fine
544 3952 675 4016 feliciter
690 3975 820 4038 regnare
843 3952 1008 4038 contingat
1031 3952 1066 4014 in
1082 3950 1178 4026 coelis,
1195 3973 1214 4013 a
1229 3973 1292 4034 quo

133 4058 280 4144 accepisti
289 4070 325 4122 ut
334 4079 463 4120 munere
475 4079 536 4119 suae
547 4055 671 4141 pietatis
680 4077 811 4140 regnare
822 4055 983 4119 merereris
994 4054 1028 4116 in
1039 4054 1137 4118 terris.
1174 4051 1291 4117 Amen.

179 4162 270 4241 Quod
285 4162 359 4246 ipse.
407 4159 521 4223 Amen.
611 4158 804 4222 Benedictio
