2866 4934
462 348 706 399 Pourfflcnlm
721 345 944 394 mosoma

324 591 494 657 Dominico
508 603 624 679 apost
638 591 838 655 Pentecosten.
882 588 1099 657 Benedictio

169 710 264 785 Deus,
288 708 343 793 qui
366 723 413 776 est
433 712 500 777 vita
519 711 699 777 mortalium
720 709 860 794 salusque
878 722 1118 795 peecatorum,
1147 713 1300 779 aufemta

125 815 214 879 vobis
229 835 337 875 omnes
351 815 490 880 maculas
504 815 699 879 delictorum.
744 812 859 876 Amen.

172 916 287 980 Induat
310 940 366 982 vos
389 917 500 982 decore
523 917 689 994 virtutum,
712 913 882 980 sanctificet
904 929 1049 996 mentes,
1075 920 1237 1005 purificet
1256 943 1302 983 ro

126 1020 272 1096 luntotes‚
289 1031 320 1082 ot
335 1018 389 1082 dot
403 1020 493 1083 vobis
507 1033 684 1084 sanctorum
699 1017 888 1082 consortium
903 1019 1121 1103 angelorum.
1170 1024 1284 1087 Amen.

172 1124 219 1188 Ut
233 1122 407 1210 probabiles
422 1123 484 1187 fide
499 1136 530 1188 et
545 1147 638 1211 opere
663 1120 845 1185 inmaculati
863 1121 1067 1207 perveniatis
1090 1126 1139 1190 ad
1161 1139 1302 1192 aeternam

127 1227 314 1315 gaudiorum
330 1227 501 1290 coelestium
512 1227 727 1292 hereditatem.
772 1222 887 1288 Amen.

174 1331 265 1410 Quod
280 1330 354 1416 ipse.
402 1332 516 1394 Amen.

173 1432 367 1497 Benedictio.
413 1435 528 1497 Amen.

325 1604 494 1669 Dominico
508 1609 552 1693 ej.
562 1618 637 1692 post
651 1606 852 1669 Pentecosten.
896 1602 1096 1668 Benedictio.

172 1739 380 1803 Devotionem
397 1754 532 1804 vestram
549 1740 703 1804 Dominus
718 1739 885 1826 dignanter
899 1736 1062 1817 intendat,
1079 1753 1115 1805 et
1132 1765 1203 1808 suae
1219 1744 1303 1808 vobis

129 1841 356 1911 benedictionis
371 1840 453 1906 donn
469 1843 628 1907 concedat.
674 1844 789 1906 Arnen.

175 1946 306 2030 'salique
320 1967 376 2008 vos
390 1944 424 2006 in
439 1947 576 2032 presenti
596 1947 706 2011 saeculo
727 1943 863 2009 subsidio
878 1941 1013 2021 muniat,
1029 1957 1071 2008 ut
1086 1949 1235 2032 paradisi
1250 1972 1302 2013 vos

130 2051 164 2112 in
179 2049 285 2112 futuro
300 2046 490 2113 habitatores
505 2048 628 2112 officiat.
674 2049 789 2112 Amen.

176 2153 288 2238 Sicquo
314 2151 407 2216 corda
433 2166 534 2217 vestra
558 2150 781 2230 sanctificando
805 2147 980 2226 benedicat,
1008 2162 1043 2213 et
1073 2151 1300 2220 benedicendo

131 2254 311 2334 sanctificet,
328 2268 364 2318 ut
380 2252 541 2318 vobiscum
557 2254 654 2318 immo
669 2255 703 2317 in
718 2253 807 2318 vobis
817 2251 937 2339 jugiter
951 2250 1101 2319 habitare
1117 2257 1269 2323 delectet.

176 2358 268 2438 Quod
283 2358 357 2445 ipse.
404 2356 520 2420 Amen.
567 2357 759 2422 Benedictio.
805 2355 920 2419 Amen.

329 2529 498 2593 Dominico
513 2531 568 2615 aij.
580 2542 653 2616 post
667 2530 869 2594 Pentecosten.
913 2527 1106 2593 Benedictio.

178 2668 284 2734 Gratia
300 2691 353 2732 sua
368 2690 424 2730 vos
436 2665 591 2730 Dominus
607 2668 786 2754 locupletet,
799 2678 830 2730 et
845 2664 962 2729 coelesti
976 2665 1209 2738 benedictione
1218 2677 1299 2740 mul·

133 2772 264 2859 tiplioet.
311 2772 426 2835 Amfflr.

176 2876 230 2940 Ab
253 2875 339 2938 omni
360 2898 415 2938 vos
439 2873 624 2937 adversitate
646 2872 804 2952 defendat,
825 2884 857 2937 et
876 2871 929 2958 pia
947 2894 1071 2958 semper
1091 2877 1301 2947 miseratione

133 2976 296 3039 custodiat.
342 2974 457 3039 Amen.

180 3076 349 3138 Potitiones
364 3088 479 3138 vestras
493 3077 633 3160 placatus
648 3077 802 3156 intendat,
816 3089 848 3142 et
863 3078 1026 3163 culparum
1042 3083 1194 3150 omnium
1209 3088 1303 3154 vobis

133 3177 259 3240 veniam
275 3176 443 3239 clementer
458 3178 617 3242 attribuat.
663 3180 779 3244 Amen.

181 3281 273 3361 Quod
288 3280 362 3367 ipse.
409 3279 524 3343 Arnen.
570 3283 762 3346 Benedictio.
809 3285 923 3348 Arnen.

320 3452 489 3517 Dominico
504 3454 571 3538 eiij.
582 3464 656 3539 post
669 3453 873 3520 Pentecosten.
917 3456 1106 3522 Benedictio.

139 3642 141 3647 .
180 3592 243 3656 Det
257 3591 347 3656 vobis
365 3614 479 3655 munus
500 3613 561 3655 suae
580 3589 818 3670 benedictionis,
835 3605 867 3658 et
882 3592 999 3677 repleat
1013 3616 1069 3657 vos
1084 3597 1204 3682 spiritu
1219 3607 1304 3668 veri·

135 3694 206 3756 tatis
222 3706 253 3757 et
268 3692 361 3779 pacis.
407 3692 523 3756 Amen.

181 3796 340 3875 Quatenus
362 3794 406 3858 sic
426 3817 482 3880 per
502 3794 587 3856 viam
612 3793 718 3857 salutis
741 3793 853 3860 devota
874 3809 979 3860 mente
999 3801 1143 3880 curratis,
1165 3817 1206 3869 ut
1228 3810 1303 3875 sub.

135 3895 317 3979 ripientium
333 3896 518 3960 delictorum
533 3896 658 3981 laqueos
673 3895 836 3961 salubriter
851 3898 997 3964 evadatis.
1043 3899 1164 3968 Amen.

183 4000 295 4085 Sicque
320 3998 502 4063 efficiamini
525 3999 559 4060 in
584 3998 651 4079 ejus
675 3997 900 4083 subplicatione
924 4001 1041 4079 devoti,
1066 4007 1161 4072 etin
1186 4025 1304 4079 mutua

137 4093 303 4162 dilectione
324 4097 446 4174 sinceri,
464 4109 500 4160 ut
520 4097 560 4160 ad
581 4096 703 4158 coeleste
722 4120 856 4181 regnum
871 4101 1034 4188 pervenire
1049 4108 1177 4189 possitis
1188 4117 1304 4180 securi.

140 4193 255 4261 Amen.

184 4298 274 4375 Quod
290 4302 364 4385 ipse.
410 4300 525 4364 Amen.
573 4296 765 4362 Benedictio.
812 4300 926 4367 Amen.
