2866 4934
129 328 171 390 42
470 339 714 390 rorrrrrcrnr
728 336 967 387 moenum.

128 495 256 584 genitus
269 495 392 561 exciam
405 494 472 561 sine
494 497 640 563 manibus
659 493 801 583 angulari
822 515 998 584 compage
1014 498 1203 580 solidaret,
1228 511 1265 564 ut
1281 499 1326 563 ad-

129 599 239 664 tollere
253 610 348 686 eaput
362 598 456 665 sciret
470 599 504 664 in
519 600 634 664 coelum
643 623 712 687 quae
721 598 761 663 de
768 596 849 662 coelo
856 613 1047 686 acceperat
1058 602 1323 669 fiandarnentun:

128 700 265 789 lapidem
277 724 402 788 quoque
415 701 502 766 hunc
513 702 554 766 ad
569 701 764 767 conficienda
773 699 847 764 vita
857 717 1086 770 sacramenta
1098 707 1318 794 compositum,

129 806 174 870 ita
183 804 350 870 chrismate
365 805 481 870 diana
501 804 755 871 sanctificationis
774 800 955 883 suffimdat,
978 819 1020 871 et
1049 810 1177 874 aeterni
1202 808 1317 874 luminis

129 907 350 973 benedictione
364 908 509 986 illustret,
525 909 673 995 quatinus
697 905 849 972 efficiatur
875 904 985 973 altare
1012 933 1159 977 sacrum
1197 911 1314 978 coelcstis

130 1010 252 1099 impetu
269 1009 411 1075 fluminis
437 1011 615 1098 irrigatum,
642 1024 679 1076 ut
704 1032 795 1097 super
819 1007 901 1072 illud
928 1010 1152 1090 adorandam
1179 1015 1257 1080 Filii
1273 1013 1310 1078 sui

130 1114 267 1179 hostiam
284 1115 350 1203 ipse
364 1113 530 1179 benedicat
550 1112 731 1202 inpositam,
751 1112 816 1199 ipse
834 1111 994 1199 suscipiat
1016 1131 1258 1196 consecratam,
1277 1116 1307 1181 ad

131 1218 306 1305 profectum
336 1217 482 1281 humana
511 1217 629 1295 salutis,
660 1230 692 1281 et
716 1216 756 1280 ad
779 1212 913 1301 gloriam
944 1219 1104 1285 nominis
1137 1222 1201 1300 sui,
1232 1221 1304 1304 cujus

132 1345 267 1409 regnum
283 1335 315 1385 et
330 1321 498 1408 imperium
512 1332 675 1406 permanet
690 1320 724 1383 in
739 1316 847 1382 saecula
861 1318 1073 1385 mulorum.

558 1551 735 1615 Batradictio
750 1546 868 1613 tabula

179 1713 305 1779 Exaudi
320 1737 387 1792 nos,
400 1714 537 1779 Domine
554 1714 640 1778 Deus
649 1726 765 1791 noster,
780 1725 812 1777 et
822 1732 951 1798 precum
966 1726 1162 1781 nostrarum
1174 1718 1297 1783 libenter

134 1820 242 1907 accipe
256 1831 340 1896 vota,
357 1830 389 1883 et
403 1819 499 1882 altare
513 1818 574 1882 hoc
598 1818 683 1904 quod
704 1814 895 1884 celebrandis
916 1818 1087 1901 mysteriis
1107 1835 1297 1909 preparabit,

135 1924 230 1988 odore
250 1922 406 2007 unguenti
425 1921 556 1986 coelestis
591 1944 730 2008 asperge,
759 1917 949 1986 aromatibus
974 1918 1103 1987 dimnae
1130 1924 1298 1990 sanctifica-

134 2025 230 2089 tionis
259 2022 401 2100 infunde,
432 2035 469 2087 ut
499 2024 580 2088 sicut
603 2024 740 2111 lapidem
771 2048 789 2089 a
815 2021 915 2088 Jacob
945 2023 1136 2108 patriarcha
1168 2030 1297 2094 electum

135 2126 291 2215 unguenti
316 2125 493 2214 perfusione
523 2127 640 2204 ditasti,
665 2139 698 2191 et
720 2125 870 2214 angelicis
887 2122 1069 2193 visionibus
1097 2154 1160 2218 per
1190 2133 1298 2198 scalam

135 2232 250 2319 gradus
276 2231 412 2297 ecclesie
441 2230 651 2296 consecrasti:
685 2231 729 2295 ita
748 2231 834 2295 hunc
859 2250 983 2315 quoque
1013 2229 1177 2317 lapidem,
1215 2235 1300 2301 altari

136 2335 358 2422 coaptandum,
386 2335 517 2398 coelestis
540 2332 649 2419 gratiae
662 2333 879 2398 benedictione
901 2329 1048 2411 infunde,
1077 2348 1119 2401 ut
1143 2339 1227 2404 dmn
1246 2338 1302 2404 tibi

137 2460 230 2523 super
245 2460 318 2501 eum
334 2436 411 2500 sacri
426 2434 562 2522 corporis
576 2434 724 2519 mysteria
735 2446 962 2511 consecrantur,
974 2438 1169 2520 petentibus
1178 2454 1302 2530 peccata

138 2539 311 2619 deleantur,
328 2539 520 2606 merentibus
535 2537 636 2626 gratia
651 2535 761 2604 floreat
776 2538 971 2626 sempiterna.
1017 2538 1092 2604 Per.

464 2780 572 2845 Oratio
582 2788 655 2864 poet
669 2778 841 2841 emtionem
855 2777 973 2841 altaria

182 2940 378 3023 Majestatem
394 2954 492 3020 tuam,
510 2942 657 3019 Domine,
672 2940 837 3005 humiliter
851 2940 1064 3028 imploramus,
1077 2952 1117 3007 ut
1127 2944 1232 3010 altare
1241 2946 1302 3012 boc

138 3041 202 3128 (vel
215 3042 324 3107 altaria
349 3042 431 3129 hacc)
453 3044 493 3109 ad
517 3045 713 3132 suscipienda
745 3044 856 3132 populi
888 3044 936 3109 tui
959 3066 1092 3108 munera
1125 3045 1298 3115 inunctum

138 3157 282 3231 potenter
296 3145 479 3210 benedicere
494 3160 526 3210 et
540 3147 732 3214 sanctificare
747 3148 906 3236 digneris:
927 3163 959 3214 et
973 3146 1058 3233 quod
1067 3170 1157 3214 nunc
1171 3175 1192 3216 a
1206 3153 1299 3219 nobis

138 3246 289 3333 indignis,
305 3248 363 3311 sub
382 3248 431 3312 tui
455 3249 553 3312 sancti
583 3251 720 3315 nominis
745 3251 956 3330 invocatione,
981 3250 1160 3316 inhonore
1195 3256 1297 3320 sancti

139 3351 284 3438 martyris
310 3350 358 3415 tui
392 3351 453 3429 lll,
485 3354 669 3418 sacrosancti
713 3353 887 3419 chrismatis
921 3353 1069 3419 unctione
1102 3354 1295 3435 delibutum,

138 3454 259 3542 placeat
273 3455 333 3521 tibi
347 3454 407 3521 hoc
422 3457 518 3521 altare
532 3469 657 3522 maneat
665 3457 796 3543 (ealhere
805 3456 914 3521 altaria
923 3457 1084 3543 maneant)
1091 3471 1294 3544 perpetuum,

138 3570 175 3622 ut
200 3559 350 3647 quicquid
376 3560 522 3648 deinceps
548 3584 640 3649 super
666 3584 738 3626 eum
762 3559 825 3647 (ael
848 3560 916 3647 eos)
935 3563 1076 3626 oblatum
1096 3575 1295 3628 sacratumve

138 3659 242 3741 fuerit,
253 3664 387 3751 dignum
398 3664 458 3728 tibi
469 3664 524 3728 fiat
533 3664 760 3740 holocaustum,
772 3674 866 3749 atque
877 3664 1019 3728 omnium
1030 3663 1084 3728 hic
1093 3662 1294 3730 offerentium

139 3765 287 3830 sacrificia
302 3791 320 3830 a
335 3777 367 3829 tc
382 3764 435 3852 pio
452 3767 519 3830 Deo
533 3766 670 3853 benigne
685 3765 903 3851 suscipiantur,
920 3779 952 3830 et
965 3790 1021 3853 per
1044 3790 1080 3832 ea
1093 3779 1293 3853 peccatorum

139 3880 315 3931 nostrorum
331 3880 487 3932 eteorum
498 3868 625 3933 vincula
636 3868 846 3945 absolvantur,
861 3869 991 3932 maculae
1002 3870 1175 3950 deleantur,
1192 3872 1294 3936 veniae

138 3965 356 4055 impetrentur,
383 3970 491 4054 gratiae
516 3971 735 4058 adquirentur:
761 3969 907 4055 quatinus
930 3995 993 4036 una
1022 3996 1093 4037 cum
1119 3973 1235 4039 sanctis
1261 3987 1294 4039 et

140 4067 244 4134 electis
259 4072 322 4136 tuis
337 4070 436 4134 vitam
451 4072 609 4157 percipere
624 4085 772 4136 aeternam
786 4094 970 4136 mereamur.
1017 4075 1085 4138 Per.

184 4167 305 4235 Deinde
322 4182 443 4235 teneaat
456 4172 633 4235 subdiaconi
648 4175 695 4237 vel
709 4175 827 4237 accoliti
847 4175 880 4237 ia
908 4177 990 4239 alais
1010 4179 1074 4241 saie
1099 4179 1292 4259 linteamino,

141 4265 305 4333 calomnia
325 4283 504 4336 ornamenta
519 4272 665 4350 aeclesia,
681 4296 733 4337 aea
749 4297 822 4337 vasa
841 4298 908 4359 qaae
927 4281 1080 4342 sacranda
1098 4292 1179 4359 suat,
1201 4294 1230 4347 et
1252 4285 1296 4347 ad
