2866 4934
543 395 844 461 nnrnmcrroims.
1191 400 1249 459 127

98 569 213 633 factum
230 568 271 631 de
286 591 365 653 aqua
380 567 414 630 in
427 566 535 631 Chana
547 567 683 645 Galileae,
697 567 741 631 sic
754 568 938 632 benedicere
954 567 1092 654 digneris
1103 567 1253 631 cervisam

97 673 199 752 istam,
212 684 249 735 ut
264 671 327 734 sint
342 670 408 734 sani
420 683 452 734 et
467 671 648 734 inmaculati
664 694 771 735 omnes
782 670 837 756 qui
852 693 893 734 ex
908 694 945 734 eo
960 671 1091 736 bibituri
1106 684 1188 748 sunt,
1199 693 1254 757 per

98 775 331 842 invocationem
346 773 483 837 nominis
498 773 557 852 tui,
574 773 720 851 Domine,
738 773 792 860 qui
807 796 919 859 regnas
930 774 963 835 in
979 774 1098 837 saecula.

256 946 395 1011 0111110
411 964 526 1010 surus
542 964 772 1012 1111οΠ111111
789 963 861 1008 vnn
878 962 1104 1011 1111001011.

144 1083 240 1160 Deus,
265 1083 356 1145 Pater
381 1082 597 1167 Omnipotens,
621 1096 652 1145 et
683 1080 807 1146 Christe
834 1082 921 1147 lesu.
939 1080 1004 1146 Fili
1029 1079 1090 1146 Dei
1120 1081 1199 1160 vivi,
1222 1095 1256 1148 et

104 1185 237 1273 Spiritus
255 1186 377 1262 Sancte,
393 1209 470 1272 rogo
486 1199 528 1263 te,
544 1199 580 1248 ut
596 1185 720 1248 mittere
736 1184 873 1271 digneris
887 1185 1140 1251 benedictionem
1155 1197 1255 1265 tuam,

100 1301 131 1350 et
146 1287 340 1352 medecinam
355 1289 510 1351 coelestem
533 1310 625 1372 super
647 1287 729 1350 hanc
750 1302 938 1366 creaturum,
962 1287 1058 1350 istum
1078 1300 1189 1374 potum
1204 1288 1257 1352 vel

100 1403 311 1477 unguentum,
332 1402 369 1453 ut
392 1391 490 1475 prosit
516 1389 661 1453 omnibus
683 1389 864 1453 hominibus
879 1390 929 1453 vel
952 1388 1115 1475 pecoribus
1130 1389 1254 1474 quibus,

101 1505 132 1556 ct
146 1493 260 1557 sanitas
273 1493 329 1557 fiat
344 1493 387 1558 eis
402 1494 436 1556 in
459 1493 604 1557 omnibus
626 1492 775 1557 membris
797 1493 923 1556 illorum
947 1515 1124 1578 corporum,
1140 1505 1176 1555 ut
1191 1516 1256 1556 non

101 1597 216 1683 poterit
242 1597 383 1662 diabolus
413 1621 523 1661 nocere
553 1595 608 1673 eis,
633 1620 691 1660 nec
721 1596 754 1657 in
781 1596 862 1673 visu,
894 1620 951 1660 nec
981 1596 1015 1658 in
1046 1596 1167 1674 auditu,
1198 1620 1257 1661 nee

101 1699 134 1762 in
161 1700 361 1778 ambuland0,
384 1724 443 1764 nee
460 1700 494 1763 in
510 1698 665 1785 gustando
680 1697 761 1775 cibo,
777 1722 835 1761 nec
851 1698 884 1760 in
902 1698 1039 1761 bibendo
1061 1712 1147 1784 potu.
1195 1699 1257 1764 Sed

100 1816 146 1881 tu,
172 1801 307 1866 Domine
329 1803 474 1880 clemens,
491 1801 600 1887 quies
621 1800 763 1865 Salvator
786 1800 938 1877 omnium,
959 1824 1066 1864 sanare
1089 1825 1141 1865 601
1163 1801 1256 1866 facias

84 1906 140 1969 ‘ab
170 1904 258 1968 omni
287 1905 426 1991 periculo
455 1929 510 1992 per
540 1904 790 1969 benedictionem
821 1916 979 1980 creaturae,
1006 1907 1174 1990 unguenti,
1205 1907 1256 1969 vel

100 2021 192 2095 pctus
218 2010 371 2073 erbamm.
417 2010 456 2072 ln
482 2009 610 2072 nomine
638 2007 738 2072 Patris
765 2021 796 2071 et
822 2007 898 2070 Filii
925 2019 956 2070 et
980 2006 1113 2094 Spiritus
1137 2009 1255 2087 Sancti,

102 2136 156 2198 per
182 2112 332 2176 virtutem
359 2112 515 2176 dominice
538 2112 688 2198 passionis
715 2123 746 2174 61
764 2111 996 2175 resurrectionis
1018 2136 1036 2175 a
1056 2114 1197 2190 mortuis,
1221 2127 1257 2177 ut

103 2217 293 2282 sanctificata
314 2220 410 2282 verbo
435 2219 496 2282 Dei
518 2218 767 2282 benedictionem
791 2217 956 2281 adsumant
981 2217 1126 2280 adversus
1150 2239 1257 2279 omnes

102 2322 256 2408 nequitias
271 2321 432 2409 spiritales
444 2333 476 2386 et
489 2321 648 2384 universas
663 2321 886 2384 invalitudines
901 2333 933 2384 et
947 2318 1144 2382 infirmitates
1159 2341 1257 2381 mem-

103 2423 245 2501 brorum3
260 2435 297 2487 ut
306 2424 495 2509 quicumque
505 2424 692 2510 sumpserint
701 2448 741 2487 ex
751 2424 795 2487 eis
804 2425 934 2487 tutelam
945 2422 1059 2486 mentis
1068 2435 1100 2486 et
1108 2422 1255 2508 corporis,

103 2540 228 2590 sumant
257 2527 290 2589 in
320 2526 438 2590 honore
469 2527 599 2591 Domini
630 2529 727 2592 nostri
758 2528 835 2593 Jesu
868 2527 994 2605 Christi,
1020 2527 1074 2611 qui
1104 2550 1135 2590 es
1172 2526 1257 2590 Deus

104 2628 284 2694 benedictus
298 2630 332 2693 in
347 2629 456 2693 saecula
471 2630 661 2694 saeculorum.
706 2631 820 2694 Amen.

106 2801 179 2865 PRO
205 2819 469 2866 EMENDATIONE
493 2820 655 2867 CERVISAE
675 2822 721 2867 ET
742 2821 908 2866 ALIORUM
930 2818 1206 2864 ELEMENTORUM
1224 2820 1255 2867 SI

328 2925 401 2970 MUS
416 2925 488 2971 AUT
505 2925 697 2971 MUSTELLA
713 2924 905 2970 MERGITUR
923 2923 1039 2969 INTUS.
1333 2904 1334 2908 Ἰ

148 3042 284 3106 Domine
314 3057 429 3122 sancte,
455 3045 546 3108 Pater
570 3043 786 3131 Omnipotens,
811 3056 925 3108 aeterne
952 3044 1048 3121 Deus,
1076 3041 1131 3129 qui
1157 3041 1258 3107 fecisti

105 3147 217 3209 coelum
233 3157 264 3209 et
279 3157 403 3225 terram,
420 3173 504 3212 mare
519 3162 550 3213 et
560 3149 666 3213 omnia
678 3174 745 3236 quac
754 3149 788 3212 in
804 3149 847 3213 eis
859 3161 942 3228 sunt,
953 3173 1029 3235 rogo
1042 3161 1083 3227 te,
1096 3161 1128 3212 et
1138 3159 1211 3234 peto
1224 3148 1257 3211 in

104 3249 238 3313 1101111116,
248 3248 271 3313 J
273 3272 326 3313 esu
343 3249 459 3314 Christi
474 3251 632 3338 unigeniti
648 3253 724 3317 Filii
739 3253 798 3330 tui,
815 3265 851 3317 ut
867 3252 1058 3316 sanctificare
1074 3252 1212 3338 digneris
1227 3266 1258 3315 61

104 3349 286 3415 benedicere
307 3354 430 3439 epulam
449 3353 551 3431 istam,
573 3354 653 3418 sicut
670 3355 860 3420 benedixisti
881 3356 1091 3442 epulationem
1112 3355 1257 3433 Abrahae,

106 3450 202 3531 lsaac,
219 3465 250 3517 et
266 3453 376 3533 Jacob,
393 3467 425 3519 et
442 3457 522 3520 sieut
537 3457 727 3521 benedixisti
745 3481 800 3520 sex
818 3458 922 3542 ydrias
941 3459 974 3520 in
995 3458 1103 3522 Chana
1121 3458 1256 3535 Galileae,

105 3567 137 3618 et
151 3556 185 3619 in
207 3557 318 3620 vinum
336 3559 454 3622 bonum
474 3583 619 3623 converse
644 3572 717 3623 sunt
740 3559 778 3622 de
801 3583 890 3646 aqua,
916 3561 959 3623 ita
986 3572 1166 3623 convertere
1189 3559 1258 3644 dig-

104 3659 186 3724 neris
200 3660 362 3724 materiam
377 3661 468 3724 istam
485 3662 601 3725 cerviae
617 3662 651 3723 in
667 3662 851 3726 suavitatem
864 3676 896 3726 et
910 3663 943 3724 in
958 3663 1147 3726 hilaritatem
1164 3662 1259 3725 servis

103 3761 176 3842 tuis,
193 3763 248 3850 qui
263 3762 297 3825 in
312 3761 374 3826 fide
392 3763 554 3828 Catholica
569 3765 777 3828 crediderunt.
826 3767 893 3830 Per.

466 3935 696 4002 Bannnrcrro
711 3955 901 4002 crvrrnms

148 4069 244 4132 Altus
253 4081 360 4133 auctor
370 4068 557 4149 aethralium,
568 4082 661 4156 atque
671 4083 783 4134 aeteme
797 4073 866 4135 Rex
878 4071 1072 4156 angelorum,
1086 4081 1118 4132 et
1132 4067 1259 4133 univer·

102 4185 207 4235 sorum
224 4170 369 4235 ordinum
385 4172 585 4257 gubernator,
602 4188 633 4237 te
650 4175 798 4260 deprecor
813 4199 971 4238 summum
988 4186 1080 4257 atque
1096 4184 1258 4238 tonantem

103 4265 219 4352 Deum,
232 4274 288 4359 qui
303 4297 334 4337 es
349 4297 456 4336 murus
471 4275 735 4363 inexpugnabilis,
749 4291 780 4341 et
795 4290 896 4341 custos
911 4300 1072 4362 nunquam
1089 4275 1258 4357 dormiens,

101 4374 158 4453 qui
173 4399 284 4462 regnas
298 4377 332 4438 in
352 4388 513 4454 aeternum,
535 4379 604 4442 Rex
629 4379 732 4457 Israel,
749 4392 786 4443 ut
804 4379 961 4444 auferatur
980 4380 1065 4443 furor
1078 4391 1151 4443 tuus
1166 4393 1199 4443 et
1213 4381 1260 4446 ira
