2866 4934
562 406 863 454 Bruunrorronrs
1247 392 1287 452 65

136 555 273 639 paschali
300 558 539 645 sollempnitate,
561 575 593 626 et
608 562 646 626 ab
662 562 749 625 omni
765 563 929 627 miseratus
955 562 1104 649 dignetur
1124 561 1289 626 defendere

136 658 299 741 pravitate.
346 661 460 726 Amen.

182 761 225 824 Et
240 763 294 848 qui
312 764 352 827 ad
371 777 518 830 aeternam
542 766 641 830 vitam
668 768 701 830 in
725 768 894 853 Unigeniti
920 768 968 832 sui
992 767 1216 832 resurrectione
1236 789 1292 829 vos
1364 808 1367 813 .

136 879 268 949 reparat,
298 867 332 930 in
361 868 457 955 ipsius
483 870 622 935 adventu
652 871 897 936 immortalitatis
923 894 979 934 vos
1008 871 1131 956 gaudiis
1153 868 1290 934 letificet.

139 966 254 1032 Arnen.

182 1072 225 1136 Et
254 1074 309 1159 qui
333 1076 465 1161 expletis
490 1077 684 1160 jejuniorum
715 1078 781 1142 sive
810 1076 960 1164 passionis
993 1076 1151 1140 dominice
1181 1076 1290 1139 diebus

138 1174 289 1260 paschalis
304 1178 375 1242 festi
390 1180 507 1264 gaudia
522 1181 694 1261 celebratis,
721 1182 761 1245 ad
777 1205 813 1245 ea
828 1182 905 1245 festa
920 1204 988 1266 quae
1008 1203 1073 1243 non
1089 1191 1162 1244 sunt
1186 1202 1290 1243 annua

139 1278 191 1341 sed
204 1281 362 1359 continua,
376 1281 443 1367 ipso
455 1283 640 1368 opitulante,
653 1284 868 1349 exultantibus
879 1283 991 1346 animis
1000 1283 1144 1348 veniatis,
1175 1283 1290 1348 Amen.

184 1382 275 1462 Quod
289 1384 364 1470 ipse.
410 1385 526 1449 Amen.
572 1387 767 1452 Benedictio,
813 1386 927 1451 Amen.

389 1559 432 1621 In
447 1558 568 1622 Pascha
584 1561 627 1622 ud
641 1583 808 1646 vesperam.
853 1560 1041 1622 Benedictis.

182 1693 276 1772 Deus,
290 1695 346 1779 qui
360 1694 484 1758 caleatis
498 1694 613 1758 inferni
628 1695 751 1782 legibus
767 1696 982 1782 captivitatem
1003 1707 1142 1759 nostram
1157 1695 1292 1759 resoluta

137 1807 317 1859 catenarum
333 1820 482 1882 conpage,
500 1797 647 1882 dignatus
662 1821 693 1861 es
708 1799 748 1861 ad
763 1798 916 1863 libertatis
930 1799 1049 1884 premia
1064 1821 1218 1861 revocare.

184 1899 230 1962 Ut
245 1900 300 1985 qui
315 1923 371 1984 per
385 1923 447 1962 suae
461 1901 711 1986 transgressionis
736 1901 992 1965 deliberationem
1018 1901 1131 1965 merito
1156 1901 1291 1986 compel-

136 2001 220 2066 lente
234 2002 379 2088 perierat,
395 2002 544 2088 passionis
558 2004 686 2067 medelae
701 2017 848 2090 operante
868 2004 1110 2069 misericorditer
1130 2015 1292 2068 revocatus

138 2116 184 2168 est
199 2106 239 2169 ad
254 2106 363 2169 vitam.

182 2207 303 2271 Inolina
327 2231 415 2272 aures
438 2220 507 2272 tuas
529 2209 570 2272 ad
594 2197 704 2295 populi
729 2221 802 2272 vota
834 2208 998 2294 propitius,
1026 2221 1063 2272 ut
1091 2209 1167 2271 hinc
1197 2209 1292 2291 adlte

137 2301 385 2397 recuperatorem
399 2335 491 2375 suum
506 2335 611 2376 sensus
627 2335 747 2398 semper
758 2312 881 2375 attollat
895 2311 1042 2374 intentos.
1088 2311 1204 2375 Amen.

183 2416 227 2480 Te
242 2428 419 2503 cognoscat,
437 2439 468 2480 se
480 2416 625 2502 corrigat,
639 2429 670 2480 te
680 2417 874 2502 deprecetur,
891 2438 922 2478 se
934 2413 1143 2492 commendet,
1156 2425 1188 2478 te
1198 2413 1291 2492 colat,

136 2540 168 2580 se
183 2519 317 2597 muniat,
333 2530 365 2582 te
380 2519 503 2605 diligat,
518 2543 549 2584 sc
565 2532 741 2606 componat.
787 2519 903 2583 Amen.

182 2621 301 2684 lnlesus
326 2622 481 2685 custodiat
505 2621 591 2706 quod
613 2622 743 2708 accepit,
770 2633 807 2684 ut
827 2621 983 2707 adquirat,
1005 2633 1036 2685 te
1062 2633 1292 2699 remunerante,

137 2724 222 2810 quod
236 2724 369 2811 indiget.

182 2829 232 2891 Tu
246 2828 286 2893 sis
301 2828 571 2893 circumstantium
587 2827 653 2894 sine
667 2828 918 2914 interpellatione
930 2826 1079 2906 defensiO,
1095 2826 1147 2890 isti
1163 2827 1226 2891 sint
1237 2840 1292 2892 tua

137 2931 204 2994 sine
219 2931 317 2995 hostis
331 2931 493 2995 invasione
509 2932 668 3019 possessio.
714 2933 829 2996 Amen.

181 3035 228 3098 Ut
243 3035 283 3098 ad
297 3035 394 3100 beatae
409 3035 482 3098 vitae
505 3035 621 3122 gaudia
636 3035 827 3113 festinantes,
844 3035 898 3121 qui
926 3034 1052 3098 salutari
1078 3034 1165 3099 fonte
1189 3036 1291 3106 renati

136 3150 219 3216 sunt,
235 3139 356 3225 pcccati
370 3161 435 3201 non
451 3150 594 3224 repetant
610 3139 771 3226 originalis
786 3162 955 3204 excessum.
1001 3139 1116 3202 Amen.

179 3239 237 3305 Ille
252 3264 307 3304 vos
330 3240 495 3305 benedicat
521 3242 560 3306 de
585 3243 680 3321 coelis,
705 3242 760 3328 qui
783 3266 838 3328 per
853 3266 978 3307 crucem
993 3243 1143 3328 passionis
1158 3265 1220 3307 suae
1235 3245 1291 3306 vos

135 3345 262 3409 redimit
276 3346 310 3407 in
325 3344 430 3408 terris:
456 3345 516 3408 Cui
531 3357 586 3409 est.
632 3346 746 3411 Amen.

181 3446 364 3511 Benedictio
380 3447 452 3525 Dei,
472 3448 572 3511 Patris
587 3459 618 3510 et
634 3447 719 3509 Filii.
765 3447 881 3510 Amen.

628 3619 662 3704 ij.
678 3619 782 3682 Furio.

181 3758 276 3836 Deus,
293 3757 348 3843 qui
362 3780 419 3842 pro
435 3755 523 3820 vobis
539 3756 673 3840 suscepit
687 3753 835 3837 injuriam
850 3753 960 3833 crucis,
972 3753 1081 3818 laetitia
1092 3777 1148 3817 vos
1159 3751 1292 3820 innovet

135 3884 197 3924 suae
208 3859 450 3923 resurrectionis.
496 3859 612 3922 Amen.

181 3964 224 4026 Et
239 3962 294 4048 qui
308 3961 459 4047 pendenti
479 3984 584 4024 secum
605 3960 639 4021 in
655 3982 745 4021 cruce
766 3958 880 4021 latroni
901 3959 1023 4022 dimisit
1047 3959 1210 4037 delictum,
1235 3982 1292 4025 vos

134 4067 233 4130 salvet
248 4090 266 4129 a
281 4064 402 4130 cunctis
416 4063 550 4126 nexibus
564 4073 771 4147 peccatorum.
816 4061 932 4125 Amen.

181 4171 228 4234 Ut
252 4165 476 4253 redemptionis
501 4177 610 4230 vestrae
634 4164 818 4250 mysterium
849 4178 882 4229 et
911 4165 1007 4252 digne
1038 4164 1227 4231 convertatis
1257 4165 1292 4232 in

135 4298 227 4362 opere
243 4286 274 4337 et
288 4270 474 4359 locupletius
485 4281 598 4333 aetema
612 4267 816 4354 perfruamini
831 4268 1092 4334 remuneratione.
1139 4268 1256 4332 Amen.

182 4378 273 4458 Quod
288 4377 363 4464 ipse.
409 4375 524 4439 Amen.
570 4369 763 4436 Benedictio.
809 4371 923 4436 Amen.

700 4494 722 4538 r
