2866 4934
493 406 737 457 PONTIFICALE
752 406 980 455 scenarum.

359 651 525 715 Doniinico
539 653 572 739 ij.
586 661 656 737 post
670 651 872 715 Pentecosten.
916 648 1128 715 Benedictio.

201 771 389 857 l'ropitietur
402 773 556 837 Dominus
571 771 691 837 eunctis
706 770 924 857 iniquitatibus
936 771 1060 835 vestris
1071 784 1108 836 et
1121 782 1218 835 sanet
1232 791 1324 836 omnes

155 876 319 959 languores
334 888 459 938 vestros.
506 877 621 939 Amen.

201 977 344 1041 ltedimat
360 978 399 1041 (le
415 979 544 1043 interitu
556 979 653 1042 vitam
666 988 811 1054 vestram,
824 986 857 1039 et
870 973 963 1039 satiet
975 974 1012 1038 in
1024 974 1128 1039 bonis
1141 975 1323 1041 desiderium

156 1092 302 1142 vestrum.
350 1080 464 1143 Araren.

200 1181 362 1245 Aul'erata
376 1182 462 1246 vobis
473 1207 525 1247 cor
536 1182 704 1269 lapideum,
716 1192 748 1243 et
760 1179 814 1243 det
824 1178 913 1243 vobis
928 1202 984 1243 eor
998 1203 1176 1245 carneum.
1218 1182 1325 1245 Amen.

202 1286 292 1365 Quod
308 1285 381 1371 ipse.
428 1286 543 1350 Amen.

200 1389 393 1453 Benedictio.
440 1390 555 1453 Amen.

351 1561 520 1625 Dominicis
535 1565 579 1649 iij.
591 1573 664 1650 post
678 1560 879 1623 Pentecosten.
924 1557 1125 1623 Benedictio.

202 1697 371 1761 Benedicat
392 1699 481 1762 vobis
502 1700 657 1763 Dominus
677 1695 773 1761 nostri
798 1694 859 1759 oris
882 1695 1032 1781 alloquio,
1050 1710 1085 1761 et
1108 1722 1167 1763 eor
1188 1712 1324 1765 vestrm

155 1800 267 1863 sinceri
283 1799 395 1863 amoris
410 1802 536 1887 copulet
551 1827 636 1867 nexu
651 1812 810 1889 perpetuo.
856 1798 972 1861 Amen.

200 1903 350 1968 Florentia
372 1926 476 1966 rerum
491 1906 683 1989 presentium
699 1902 796 1989 copiis
817 1900 940 1984 justitia
955 1901 1142 1987 adquisitis,
1159 1905 1325 1992 gaudeatis

156 2008 333 2093 perenniter
349 2007 500 2071 fructibus
515 2009 719 2073 sincerissime
734 2005 878 2069 caritatis
924 2003 1043 2067 Amen.

202 2112 331 2174 'l'ribuat
368 2109 457 2173 vebis
495 2111 651 2174 Dominus
679 2111 761 2174 dona
796 2107 956 2194 perennia,
994 2118 1032 2170 ut
1067 2121 1145 2195 post
1180 2123 1324 2200 tempora

155 2213 286 2277 feliciter
301 2211 397 2276 dilata
411 2212 589 2299 percipiatis
604 2213 719 2300 gaudia
733 2210 929 2297 sempiterna.
975 2208 1098 2275 Amen.

201 2318 292 2397 (Quod
307 2317 382 2403 ipse.
428 2314 542 2379 Amen.

201 2421 391 2484 Benedictio.
438 2420 552 2482 Arnen.

346 2593 514 2655 Dominico
529 2592 586 2677 iiij.
598 2604 671 2677 post
685 2594 887 2656 Pentecosten.
931 2588 1123 2653 Benedictio.

200 2730 361 2795 Emundet
388 2729 542 2794 Dominus
571 2728 774 2793 conscientias
799 2738 915 2789 vestras
939 2725 978 2788 ab
1005 2726 1095 2789 omni
1123 2729 1264 2810 malitia,
1291 2745 1323 2797 et

156 2835 272 2921 repleat
287 2834 529 2898 sanctificatione
544 2845 702 2918 perpetua.
749 2832 864 2893 Amen.

201 2937 285 2999 Vota
306 2950 407 3000 vestra
422 2938 591 3000 clementer
614 2935 767 3013 intendat,
790 2946 821 2998 et
843 2943 969 3019 peccata
992 2931 1101 2996 omnia
1126 2937 1322 3024 propitiatus

156 3038 328 3122 indulgeat.
373 3041 488 3103 Arnen.

202 3141 276 3218 Qun
291 3141 342 3224 pie
357 3141 470 3225 optatis
486 3140 646 3204 miseratus
661 3141 820 3219 attribuat,
837 3151 869 3202 et
884 3162 952 3224 quae
972 3137 1142 3224 pavescitis
1157 3143 1235 3229 pius
1249 3168 1321 3232 pro·

157 3252 312 3326 pugnator
326 3241 436 3324 procul
450 3239 587 3325 repellat.
634 3243 749 3306 Amen.

203 3343 293 3422 Quod
309 3343 382 3430 ipse.
429 3344 544 3407 Amen.

203 3447 393 3511 Benedictio.
439 3447 554 3510 Amen.

361 3623 528 3687 Dominico
544 3646 570 3685 o.
584 3631 657 3705 post
671 3621 872 3683 Pentecosten.
916 3619 1102 3683 Benedictio.

202 3759 407 3846 Omnipotens
428 3761 513 3823 Deus
536 3781 589 3821 sua
610 3777 665 3817 vos
687 3754 853 3817 clementia
875 3756 1049 3833 benedicat,
1071 3766 1103 3818 et
1127 3778 1262 3827 sensum
1288 3765 1323 3829 in

158 3863 246 3926 vobis
261 3863 418 3948 sapientia
433 3861 574 3927 salutaris
590 3857 745 3921 infundat.
791 3857 907 3920 Amen.

201 3965 368 4030 Catholicae
383 3963 457 4029 fidei
472 3989 527 4029 ros
542 3959 737 4027 documentis
757 3961 904 4040 enutriat,
924 3974 956 4024 et
975 3960 1009 4023 in
1030 3960 1145 4025 sanctis
1166 3970 1324 4054 operibus

158 4067 395 4148 perseverabiles
410 4068 529 4131 reddat.
575 4065 691 4127 Amen.

204 4169 329 4232 Gressus
355 4181 470 4231 vestros
496 4169 534 4232 ab
562 4186 663 4229 errore
689 4175 861 4242 convertat,
887 4177 919 4228 et
944 4166 1028 4229 viam
1052 4165 1142 4230 vobis
1169 4175 1262 4256 pacis
1291 4192 1325 4243 et

160 4268 294 4331 caritatis
309 4271 459 4333 ostendat.
505 4270 620 4332 Amen.

206 4371 294 4446 Quod
312 4372 384 4455 ipse.
433 4371 547 4433 Amen.
594 4362 786 4430 Benedictis.
833 4366 947 4428 Amen.
