2866 4934
128 349 171 409 46
467 362 712 410 rousrrrcaaa
728 362 954 412 rossanam.

173 517 394 603 Deindaponit
403 528 463 581 trec
472 521 631 605 portionas
645 520 781 605 coopertis
798 518 938 582 Domini
948 521 1046 586 intua
1063 523 1103 587 in
1119 525 1301 610 marauna,

128 634 158 686 et
173 634 232 685 trea
247 623 283 684 da
298 622 428 698 interno,
444 634 473 686 at
487 623 687 688 recluduntur
701 624 783 686 intus
798 621 941 708 reliquia,
957 637 1130 691 tamam.

173 726 251 791 Ant.
277 724 343 789 Sub
366 724 463 789 altare
491 727 622 791 Domini
645 726 732 791 sedes
756 725 932 812 accepistis,
957 738 994 791 et
1024 728 1232 794 intercedite
1256 752 1300 816 pro

129 827 219 893 nobis
232 851 288 916 per
303 850 395 914 quem
411 830 577 895 meruistis.

540 1064 621 1127 Item
636 1061 702 1125 alia
716 1063 866 1149 anttJona.

175 1241 253 1306 Ant.
278 1241 473 1306 Exaltabunt
488 1242 586 1305 sancti
600 1241 633 1304 in
649 1239 760 1328 gloria,
775 1239 967 1303 laetabuntur
986 1240 1024 1304 in
1036 1244 1213 1311 cubilibus
1230 1247 1297 1314 suis:
1382 1334 1384 1339 Ι

135 1345 214 1411 Cam
229 1345 372 1409 Psalmo:
398 1345 530 1408 Caritate
546 1345 683 1408 Domino
698 1342 854 1407 canticum
869 1364 1005 1424 novum,
1021 1346 1099 1412 laus
1113 1350 1199 1434 ejus.

174 1449 221 1513 Et
235 1449 388 1513 amdam
403 1446 542 1510 atulam
556 1448 677 1525 altaro,
693 1469 751 1533 qm
766 1458 868 1510 amen
893 1447 1005 1512 tutata
1025 1453 1132 1536 prim
1159 1455 1227 1519 lota
1248 1455 1296 1518 ait

131 1573 169 1614 ea
185 1574 267 1636 aqna
281 1561 412 1613 sacrata.

551 1794 728 1859 Benedictio
745 1793 864 1858 tabaloe.

179 1984 344 2071 Singulare
358 1982 438 2047 illud
452 1983 750 2069 repropitiatorium,
766 1982 850 2070 quod
865 2005 896 2046 se
911 1981 945 2045 in
961 2005 1014 2046 ara
1029 1988 1192 2072 crufflcis
1208 1991 1292 2056 nobis

131 2086 321 2151 redimendis
336 2085 452 2150 obtulit
465 2086 705 2164 immolandum,
731 2088 819 2171 cujus
843 2084 1099 2173 praefiguratione
1115 2094 1291 2178 patriarcha

133 2190 234 2256 Jacob
249 2190 386 2278 lapidem
401 2189 503 2254 erexit
517 2189 552 2252 in
567 2190 707 2268 titulum,
725 2213 787 2275 quo
801 2187 889 2252 fieret
904 2186 1108 2271 sacrificium,
1138 2209 1173 2260 et
1194 2212 1288 2284 portae

132 2294 204 2359 coeli
232 2294 363 2381 desuper
397 2293 569 2380 aperiretur
603 2294 783 2357 oraculum:
821 2292 1003 2379 suppliciter
1031 2293 1106 2374 tibi,
1140 2298 1286 2381 Domine,

131 2420 237 2484 preces
266 2396 438 2472 frmdimus,
469 2407 506 2457 ut
535 2395 654 2457 metalli
683 2394 777 2478 hujus
807 2394 946 2482 expolita
974 2398 1125 2463 materies
1149 2406 1288 2491 supernis

132 2498 288 2564 sacrificiis
317 2497 499 2574 imbuendo,
530 2496 596 2582 ipse
622 2509 683 2560 tuae
713 2495 814 2561 dotari
851 2496 1108 2566 sanctificationis
1146 2506 1288 2573 ubertate

130 2602 299 2690 praecipias,
316 2601 371 2689 qui
382 2600 540 2688 quondam
555 2599 685 2687 lapideis
699 2600 802 2686 legem
817 2600 964 2688 scripsisti
980 2601 1013 2663 in
1029 2604 1157 2671 tabulis.
1206 2611 1273 2676 Per.

175 2709 297 2772 Deinde
306 2717 447 2795 ponatur
462 2705 567 2770 tabula
582 2707 720 2792 daaupm,
737 2706 772 2767 id
785 2715 838 2783 est,
854 2727 959 2768 manaa
968 2705 1090 2786 altariis,
1108 2721 1138 2773 et
1154 2711 1287 2778 lineatur

131 2811 221 2887 calca
238 2821 266 2872 et
280 2812 363 2873 disca
377 2811 455 2872 tanc
470 2810 647 2872 orationem.

176 2912 271 2987 Deus,
288 2912 343 2994 qui
358 2935 399 2974 ex
418 2911 506 2974 omni
529 2911 692 2997 coaptione
716 2922 891 2975 sanctorum
915 2922 1066 2976 aeternum
1094 2915 1156 2982 tibi
1181 2921 1289 2986 condis

131 3010 356 3088 habitaculum,
373 3012 413 3075 da
427 3011 627 3076 aedificationi
641 3027 702 3077 tuae
717 3014 908 3078 incrementa
924 3015 1070 3095 ooelestia,
1091 3032 1131 3082 ut
1152 3045 1289 3109 quorum

131 3112 184 3177 hic
215 3110 360 3194 reliquias
388 3136 445 3198 pro
475 3135 580 3176 amore
612 3116 848 3201 complectimur,
874 3140 981 3181 eorum
1012 3142 1135 3208 semper
1165 3129 1289 3195 meritis

131 3215 327 3300 adjuvemur.
373 3214 433 3278 Per
448 3213 630 3280 Dominum.

609 3449 689 3514 Atia
704 3451 811 3514 oratio.

176 3610 262 3678 Deus
278 3609 495 3697 Omnipotens,
511 3611 727 3679 universarum
747 3634 852 3676 rerum
872 3613 1065 3682 rationabilis
1080 3619 1208 3702 artifex,
1232 3628 1290 3714 qui

131 3709 212 3779 inter
227 3727 343 3780 ceteras
356 3727 510 3779 creaturas
524 3713 657 3778 formam
672 3713 788 3801 lapidei
814 3716 934 3780 metalli
960 3720 1001 3784 ad
1027 3723 1214 3810 obsequium
1238 3732 1288 3795 tui

131 3814 275 3881 sacrificii
288 3813 467 3896 condidisti,
492 3827 531 3880 ut
555 3816 725 3904 legislatori
749 3829 804 3882 tuo
827 3833 1017 3905 praeparetur
1040 3825 1156 3890 altare:
1180 3851 1289 3897 annue

131 3912 298 4001 dignanter
322 3916 418 4000 hujus
449 3919 613 3984 institutor
635 3921 787 4008 mysterii,
814 3932 851 3985 ut
880 3921 1029 4008 quicquid
1059 3927 1112 3993 hic
1142 3929 1287 4000 oblatum

131 4031 323 4127 sacratumve
347 4018 452 4096 fuerit,
473 4021 671 4087 nomini-tuo
690 4024 849 4111 adsurgat,
870 4023 1190 4115 religioni-proficiat,
1218 4039 1288 4123 spei

132 4116 284 4196 mrtietur,
300 4119 375 4183 fidei
389 4119 430 4183 sit
443 4119 571 4184 honore.
617 4123 677 4186 Per
692 4125 875 4189 Dominum.

175 4213 269 4280 Nunc
281 4221 371 4302 facta
390 4243 475 4284 cruce
490 4223 526 4284 da
545 4233 648 4284 sancto
664 4225 832 4309 chrysmate
846 4248 939 4311 anper
959 4248 1037 4307 eam,
1058 4237 1198 4319 seqnitur
1213 4262 1285 4305 con·

132 4316 268 4376 sacratio.
