2866 4934
464 336 709 385 Ponrlrrcnna
725 334 938 384 EOGBDRHTI.

174 489 287 555 Sancta
304 489 503 555 Potentiana:
708 515 770 556 ora.

174 593 287 658 Sancta
305 592 457 659 Sotheris:
708 618 770 659 ora.

173 696 289 761 Omnes
304 710 416 761 sancta
432 697 596 783 Virgines:
711 711 795 763 orate
809 720 865 784 pro
879 693 978 759 nobis.

173 799 289 864 Omnes
307 798 428 864 Sancti:
710 813 803 866 orate.

173 901 331 989 Propitius
345 913 425 967 esto:
592 928 684 992 parce
697 905 798 983 nobis,
815 900 957 967 Domine.

174 1005 331 1094 Propitius
345 1019 425 1071 esto:
592 1008 689 1073 libera
703 1032 769 1086 nos,
788 1005 929 1070 Domine.

173 1112 226 1176 Ab
241 1110 329 1176 hoste
344 1111 442 1175 malo:
591 1112 688 1177 libera
702 1135 768 1191 nos,
787 1109 929 1174 Domine.

173 1216 205 1281 A
220 1214 359 1303 periculo
373 1213 497 1278 mortis:
593 1215 690 1280 libera
704 1239 770 1293 nos,
788 1212 930 1278 Domine.

173 1315 227 1381 Ab
243 1314 330 1378 omni
345 1313 443 1377 malo:
594 1314 691 1380 libera
706 1316 882 1379 clementer.

175 1417 235 1482 Per
249 1416 425 1496 crufflcem
441 1426 543 1478 tuam:
592 1416 690 1482 libera
705 1419 880 1482 clementer.

175 1518 364 1595 Peccatores,
380 1529 412 1580 te
426 1540 572 1604 rogamus
586 1520 661 1584 audi
676 1545 740 1585 nos.

174 1619 222 1685 Ut
237 1641 346 1706 pacem
362 1619 452 1684 nobis
467 1620 572 1686 dones.

175 1720 221 1786 Te
235 1743 383 1807 rogamus
397 1723 471 1786 audi
486 1746 551 1788 nos.

175 1823 223 1890 Ut
238 1845 342 1889 aerem
357 1826 511 1890 salubrem
528 1827 617 1891 nobis
632 1827 737 1894 dones.

175 1926 220 1992 Te
234 1949 390 2012 rogamus.

176 2028 223 2095 Ut
238 2029 376 2093 fructum
391 2041 480 2095 terrae
494 2031 584 2096 nobis
599 2032 703 2098 dones.

175 2131 221 2197 Te
236 2153 392 2219 rogamus.

175 2237 222 2305 Ut
248 2237 400 2303 domnum
424 2238 629 2327 apostolicum
653 2238 686 2302 in
713 2251 818 2304 sancta
837 2237 988 2325 religione
1013 2259 1207 2306 conservare
1223 2241 1296 2329 dig-

130 2341 221 2408 neris.

176 2444 221 2509 Te
235 2465 382 2528 rogamus
397 2445 472 2509 audi
487 2468 551 2508 nos.

175 2546 223 2611 Ut
237 2567 344 2633 regem
359 2560 500 2612 nostrum
515 2571 587 2612 cum
603 2545 791 2612 exercitibus
805 2549 868 2613 suis
883 2567 1062 2612 conservare
1078 2545 1235 2633 digneris.

177 2649 222 2715 Te
237 2672 385 2738 rogamus
400 2651 476 2716 audi
490 2674 555 2716 nos.

175 2753 223 2820 Ut
246 2765 360 2820 cuncto
379 2756 496 2842 populo
520 2752 697 2820 Christiano
716 2775 824 2839 pacem
851 2767 883 2819 et
905 2751 1148 2816 unanimitatem
1174 2754 1296 2842 largire

132 2854 279 2941 digneris.

177 2956 223 3022 Te
237 2976 384 3042 rogamus
398 2957 481 3021 audi.

177 3057 232 3123 Ut·
246 3059 522 3143 congregationem
545 3060 637 3124 istam
659 3060 693 3123 in
717 3074 821 3127 sancta
843 3063 994 3151 religione
1014 3082 1200 3129 conservare
1221 3066 1295 3155 dig·

132 3180 223 3224 nens.

178 3262 223 3327 Te
237 3283 384 3349 rogamus
399 3263 474 3327 audi
488 3287 554 3329 nos.

178 3365 241 3431 Fili
257 3365 328 3445 Dei,
345 3377 377 3430 te
391 3389 537 3454 rogamus
552 3368 626 3434 audi
641 3390 706 3433 nos.

177 3470 292 3559 Agnus
307 3468 379 3548 Dei,
396 3471 450 3558 qui
465 3472 549 3538 tollis
563 3484 689 3561 peccata
704 3472 833 3537 mundi:
848 3497 940 3560 parce
955 3473 1054 3552 nobis,
1072 3472 1222 3540 Domine.

177 3564 292 3661 Agnus
308 3573 378 3653 Dei,
395 3575 450 3662 qui
464 3577 548 3642 tollis
562 3588 689 3665 peccata
703 3575 831 3640 mundi:
848 3577 929 3641 dona
944 3577 1034 3642 nobis
1047 3572 1166 3663 paoem.

177 3675 291 3763 Agnus
308 3675 379 3756 Dei,
396 3678 450 3764 qui
465 3680 549 3744 tollis
563 3691 690 3768 peccata
704 3677 831 3742 mundi:
847 3679 991 3745 miserere
1006 3681 1105 3746 nobis.

179 3778 301 3843 Christe
316 3779 390 3843 audi
405 3803 470 3845 nos.
486 3781 531 3846 iii.

179 3881 301 3946 Christe
316 3882 441 3946 eleison.

176 3983 356 4069 Ingrediens
376 4007 445 4048 cero
468 4010 547 4050 unns
561 4010 598 4051 ee
617 3987 791 4050 diaconibus
811 3986 898 4072 infra
913 3987 1084 4064 aerariam,
1100 3997 1129 4050 et
1142 3986 1293 4058 claadm

135 4084 244 4147 ostiam
273 4096 357 4148 stans
388 4098 457 4150 ante
480 4090 593 4173 absum,
625 4089 714 4149 ceteri
743 4110 843 4151 omnes
862 4112 925 4174 pro
944 4089 1068 4174 foribus
1097 4109 1291 4160 remaneant.

140 4178 224 4244 Tunc
239 4187 382 4269 pontisera
403 4190 540 4251 accedens
561 4190 603 4250 ad
622 4188 732 4249 ostiam
759 4189 905 4267 aorasia,
921 4193 1096 4276 percutiens
1115 4204 1160 4255 ter
1180 4217 1292 4280 saper-

137 4277 278 4347 liminare
293 4287 329 4346 de
344 4288 496 4350 cambutta
510 4312 567 4351 sna
583 4297 637 4350 ant
652 4287 767 4366 baana,
784 4291 892 4353 dicens.
