2866 4934
129 348 172 409 44
468 359 713 408 rourrrioran
730 352 943 408 scearaurr.

129 518 210 581 Item
233 515 333 578 crattb
358 516 401 577 ad
425 516 584 601 corporale
610 516 852 592 benedicendum,
876 513 936 576 siue
960 512 1036 589 duo,
1066 512 1121 577 vel
1148 514 1228 592 tria,
1258 511 1300 577 vel

367 618 504 703 amplius
511 618 636 704 suerint
650 617 825 704 corporalia
837 615 1047 682 berredicenda.

175 721 270 797 Deus,
290 719 345 805 qui
370 743 427 807 pro
442 721 566 806 generis
580 719 899 784 humanisalvatione
914 716 1062 782 Verbum
1080 742 1161 783 caro
1183 719 1296 784 factum

131 847 173 901 es,
191 834 223 888 et
237 822 379 887 habitare
395 836 480 886 totus
495 822 529 885 in
545 822 635 888 nobis
650 846 715 886 non
730 822 918 910 dedignatus
927 843 959 884 es
972 844 979 884 :
1007 821 1136 907 quique
1152 822 1295 887 traditori

131 941 186 991 tuo
201 925 321 1015 perfido
336 927 478 991 osculum
505 926 594 1012 pium
621 925 747 1004 dedisti,
773 927 850 989 dum
874 947 930 1011 pro
955 923 1106 988 omnium
1132 926 1208 990 vita
1230 928 1295 1013 pius

131 1030 259 1095 voluisti
274 1053 375 1116 agnus
399 1029 539 1106 mactari,
556 1043 649 1114 atque
665 1029 699 1091 in
715 1029 846 1092 sindone
862 1025 984 1112 loseph
1000 1025 1069 1089 lino
1097 1040 1196 1092 texta
1216 1042 1294 1094 totus

132 1148 164 1200 te
179 1134 300 1198 involvi
321 1131 505 1222 permisisti:
529 1133 646 1219 respice
672 1132 827 1219 propitius
850 1131 890 1195 ad
914 1141 986 1193 vota
1012 1143 1137 1208 nostra,
1164 1132 1294 1218 quitus

133 1237 267 1303 fideliter
282 1239 446 1301 carismata
461 1237 609 1322 amplecti
621 1236 774 1321 cupimus.
804 1235 995 1314 Quaesumus,
1008 1232 1167 1314 Domine,
1184 1238 1294 1300 sancti·

132 1338 542 1425 fflficare,bene>14dicere,
559 1340 848 1424 conseq-<orareque
866 1336 1005 1423 digneris
1020 1335 1088 1400 haec
1105 1338 1293 1403 linteamina

129 1445 164 1506 in
180 1465 271 1506 usum
286 1439 391 1503 altaris
406 1439 465 1516 tui,
481 1439 521 1502 ad
537 1441 780 1505 consecrandum
796 1463 888 1527 super
903 1462 950 1517 ea,
970 1439 1036 1502 sive
1057 1439 1100 1503 ad
1116 1441 1293 1528 tegendum

131 1542 421 1627 involvendumque
441 1565 552 1628 corpus
578 1557 610 1607 et
637 1544 821 1630 sanguinem
848 1543 924 1607 Filii
955 1541 1003 1605 tui
1029 1541 1168 1606 Domini
1198 1545 1294 1608 nostri

132 1649 156 1713 J
157 1671 211 1711 esu
227 1644 354 1721 Christi,
371 1644 537 1732 dignisque
552 1659 720 1732 parcantur
735 1646 946 1722 famulatibus,
972 1657 1008 1708 ut
1032 1645 1193 1732 quioquid
1208 1672 1292 1713 sacro

130 1751 194 1815 ritu
218 1746 399 1836 superhaec
425 1748 649 1827 immolabitur,
675 1750 754 1812 sicut
778 1747 985 1814 Melchisedec
1004 1747 1150 1812 oblatum
1171 1751 1294 1838 placeat

131 1855 190 1919 tibi
204 1854 430 1929 holocaustum,
447 1863 480 1914 et
492 1865 629 1938 reportet
638 1876 693 1938 per
701 1852 762 1915 hoc
772 1851 927 1938 premium
937 1850 1129 1937 quicumque
1142 1855 1295 1920 obtulerit

131 1970 250 2021 votum.
297 1956 342 2017 Te
368 1977 492 2038 quoque
520 1954 683 2018 humiliter
719 1978 865 2041 rogamus
894 1977 930 2017 ac
961 1953 1108 2040 petimus,
1151 1970 1190 2021 ut
1228 1959 1293 2024 haeo

130 2059 314 2124 linteamina
344 2070 405 2120 tuae
434 2057 687 2122 sanctificationis
716 2082 771 2145 per
811 2057 944 2144 Spiritus
973 2055 1106 2144 gratiam
1147 2061 1294 2127 ubertate

131 2162 276 2251 purifices
291 2174 323 2227 et
337 2160 519 2239 sanctifices,
536 2162 590 2247 qui
605 2176 636 2225 te
651 2185 708 2249 pro
722 2161 812 2225 nobis
827 2160 972 2224 omnibus
987 2158 1178 2225 sacrificium
1202 2165 1295 2230 offeri

132 2266 280 2333 voluisti:
304 2279 336 2330 et
362 2279 472 2352 praesta
491 2276 529 2328 ut
544 2265 715 2351 superhaec
737 2265 799 2327 sint
814 2263 874 2328 tibi
889 2262 1038 2327 libamina
1060 2279 1204 2352 accepta,
1229 2268 1293 2334 sint

130 2385 230 2458 grata,
241 2371 303 2433 sint
312 2368 454 2455 pinguia,
466 2381 498 2431 et
511 2367 644 2452 Spiritus
658 2367 763 2431 Sancti
773 2367 821 2429 tui
830 2390 951 2453 semper
960 2389 1028 2430 rore
1042 2366 1179 2451 perfusa.
1221 2372 1292 2438 Per.

661 2537 750 2601 Alia.

176 2681 272 2759 Deus,
315 2678 370 2766 qui
412 2678 509 2765 digne
546 2677 606 2742 tibi
643 2677 846 2742 servientium
883 2701 939 2741 nos
976 2677 1094 2741 imitari
1131 2679 1293 2752 desideras

131 2784 328 2860 famulatum,
344 2781 462 2868 respice
476 2781 631 2868 propitius
652 2782 692 2846 ad
711 2780 899 2844 humilitatis
916 2793 1027 2844 nostrae
1041 2782 1240 2866 servitutem,
1257 2803 1292 2854 et

130 2886 191 2948 hoc
205 2884 364 2970 corporale
378 2883 500 2946 nomini
516 2896 571 2947 tuo
587 2883 737 2964 dicatum,
765 2906 819 2947 seu
841 2883 906 2947 haec
926 2883 1110 2949 linteamina
1126 2889 1291 2957 servitutis

129 3000 240 3051 nostrae
254 2986 361 3049 usibus
376 2999 548 3072 preparata,
570 2988 701 3052 coelestis
716 2988 887 3052 virtutibus
902 2987 1121 3052 benedictione
1136 2993 1289 3078 sanctiffl

130 3086 408 3172 fica,‚puri›1-tfioa,
424 3101 456 3149 et
471 3111 634 3151 consecra:
658 3105 810 3174 quatenus
826 3115 1015 3179 supereum,
1032 3092 1082 3155 vel
1098 3116 1192 3181 super
1207 3096 1287 3176 haeo,

135 3189 268 3277 Spiritus
298 3188 428 3252 Sanctus
453 3202 526 3252 tuus
553 3189 729 3272 descendat,
755 3194 810 3279 qui
840 3208 871 3259 et
894 3195 1004 3282 populi
1034 3194 1081 3258 tui
1111 3195 1290 3266 oblationes

128 3291 303 3370 benedicat,
324 3303 357 3355 et
376 3290 468 3356 corda
493 3293 559 3356 sive
587 3317 715 3379 corpora
747 3297 937 3362 sumentium
957 3298 1112 3385 benignus
1131 3300 1287 3385 perficiat.

134 3401 201 3465 Per.

173 3504 296 3568 Deinde
311 3505 429 3566 uadunt
444 3503 486 3565 ad
500 3525 569 3567 euin
585 3502 683 3567 licum
697 3506 731 3568 in
747 3526 806 3590 quo
821 3503 948 3589 reliquie
963 3529 1024 3591 per
1046 3516 1141 3568 totana
1167 3520 1287 3574 nocam

124 3609 307 3694 preteritum
323 3630 391 3670 cum
406 3605 520 3690 sipiliis
528 3607 670 3692 fuerunt.
715 3607 761 3669 Et
778 3606 853 3669 elicit
866 3610 1004 3671 smerdes
1020 3609 1190 3672 orationem
1204 3609 1287 3677 banc

130 3723 293 3796 antequam
308 3711 379 3773 inde
396 3709 523 3773 levatun

173 3813 275 3878 Aufer
289 3837 307 3876 a
322 3811 422 3889 nobis,
450 3833 635 3895 quaesumus,
663 3809 810 3888 Domine,
836 3810 1017 3897 iniquitates
1039 3824 1169 3891 nostras,
1192 3827 1229 3879 ut
1252 3830 1286 3881 et

128 3929 233 3981 sancta
248 3928 425 3979 sanctorum
440 3913 527 3999 puris
541 3935 716 3976 mereamur
730 3913 888 3977 mentibus
903 3913 1041 3978 introire.
1088 3915 1157 3978 Per.

136 4054 138 4059 ,
171 4019 281 4081 Finita
295 4039 364 4080 aero
379 4016 527 4090 oratione,
548 4016 667 4079 ekvant
685 4037 735 4078 eas
754 4018 920 4080 sacerdotes
935 4018 1138 4103 caniferam,
1163 4030 1195 4083 et
1214 4038 1288 4084 aune

128 4114 240 4180 bonore
255 4118 443 4201 dipnissimo,
466 4136 534 4176 euna
549 4116 696 4192 crucibus,
721 4129 750 4178 et
775 4119 946 4194 turribulis,
968 4131 1058 4203 alque
1078 4121 1287 4202 candelabris,

127 4226 156 4277 et
172 4217 336 4279 luminibus
351 4218 454 4281 multis
471 4215 576 4277 lauba
591 4216 660 4277 Deo
675 4217 873 4295 decantando,
890 4244 958 4283 eunt
973 4221 1019 4282 bis
1035 4222 1193 4305 antifonis.

173 4318 254 4381 Ecce
268 4319 403 4401 populus
423 4315 600 4379 custodiens
615 4316 783 4398 judicium,
806 4333 837 4381 ct
857 4320 972 4384 faciens
992 4321 1168 4400 veritatem,
1193 4325 1227 4388 in
1251 4340 1284 4392 te
