2866 4934
115 362 156 421 82
454 380 952 432 rourrrrcarnrcenunn‘rr.

163 530 250 595 Prius
272 534 303 596 in
326 536 414 599 vobis
434 536 536 601 diluat
556 560 648 599 omne
668 536 751 623 quod
774 536 810 601 in
835 538 900 602 illa
924 538 1056 604 futura
1084 540 1300 605 examinatione

116 634 283 719 puniturus
313 653 371 715 est,
403 656 438 703 ut
468 664 539 703 curn
566 640 670 724 justus
698 640 869 703 advenerit
902 641 1030 725 judex
1065 667 1139 707 non
1170 644 1206 707 in
1232 642 1300 707 vobis

117 735 256 800 iuveniat
273 741 357 824 quod
373 742 592 829 condempnet.
638 742 752 805 Arnen.

161 840 230 919 Quo
252 844 396 908 veniente
421 870 485 909 non
508 845 672 909 incurratis
694 844 894 931 supplicium
916 861 1116 929 arternum,
1144 851 1201 915 sed
1220 872 1300 916 remu·

118 944 271 1007 ueremini
287 946 424 1013 donariis
439 949 644 1036 sempiternis.
689 950 804 1011 Amen.

162 1046 253 1125 ered
271 1049 344 1134 ipsc.
394 1054 507 1115 Arnen.

164 1150 355 1216 Benedictio.
405 1158 516 1219 Arnen.

406 1388 573 1451 Danuuius
588 1389 621 1474 ij.
637 1398 707 1450 onte
721 1385 824 1449 natale
839 1386 1003 1454 Domini.

163 1538 369 1623 Omnipotens
398 1542 482 1605 Deus
506 1566 562 1605 vos
584 1540 701 1628 placito
721 1538 812 1601 vultu
836 1541 1014 1626 respiciat,
1040 1560 1080 1611 et
1107 1548 1146 1611 in
1175 1572 1231 1612 vos
1252 1570 1299 1611 sua

119 1638 346 1705 benedictionis
362 1644 479 1707 donum
497 1645 651 1708 infundat.
697 1644 811 1705 Arnen.

164 1743 205 1805 Et
221 1743 347 1828 quihus
363 1747 428 1809 dies
449 1748 662 1811 incarnatione
679 1744 847 1830 Unigeniti
870 1746 922 1808 sui
951 1748 1040 1814 fecit
1068 1754 1298 1841 sollempnem

118 1847 240 1910 eunetis
265 1850 416 1933 presentis
442 1864 474 1914 ct
499 1852 603 1915 sutum
633 1851 705 1914 vitas
734 1848 987 1916 adversitatibus
1022 1860 1094 1921 vos·
1118 1859 1234 1923 reddat
1260 1858 1298 1920 in·

118 1950 277 2037 dernpncs.
325 1955 439 2017 Arnen.

165 2054 209 2117 Ut
224 2055 277 2140 qui
294 2056 332 2119 de
344 2057 482 2121 adventu
496 2057 712 2144 Redernptoris
726 2055 823 2119 nostri
837 2056 1027 2123 secundum
1042 2086 1185 2129 carnem
1195 2065 1297 2129 devota

118 2170 223 2221 mento
238 2158 397 2236 laetamini,
414 2161 447 2223 in
463 2162 688 2224 secundorum
707 2160 740 2223 in
755 2159 919 2242 majestate
940 2182 1005 2225 sua
1022 2168 1164 2231 venerit
1178 2166 1298 2255 premiis

118 2274 231 2326 aeterne
246 2262 311 2325 vito
328 2262 482 2327 ditemini.
530 2264 645 2327 Arnen.

165 2366 257 2444 (guod
273 2366 345 2450 ipse.
394 2369 507 2430 Arnen.

164 2468 356 2531 Benedictio.
404 2469 519 2533 Amen.

413 2693 581 2754 ‚tanaitica
589 2694 616 2776 j
632 2704 702 2755 erite
718 2692 819 2754 tentala
834 2690 991 2754 Domini..

165 2848 261 2925 Deus,
278 2846 332 2931 qui
349 2869 402 2907 vos
417 2858 449 2908 et
463 2845 575 2932 prioris
590 2844 743 2908 adventus
754 2843 854 2931 gratia
865 2845 1042 2929 reparavit,
1056 2862 1094 2913 et
1107 2851 1146 2915 in
1162 2855 1296 2919 seeundo

121 2949 266 3013 daturum
279 2974 310 3012 se
322 2950 410 3012 vobis
421 2973 554 3035 regnum
567 2972 638 3010 curn
655 2948 768 3011 sanetis
783 2945 902 3032 angelis
916 2951 1125 3033 repromisit,
1143 2958 1295 3022 adventus

122 3053 169 3114 sui
184 3076 239 3113 vos
254 3052 460 3116 illustratione
476 3050 656 3115 sanctificet.
703 3051 817 3113 Amen.

166 3154 304 3217 Vincula
319 3167 421 3217 vestra
437 3155 584 3218 dissolvat
599 3165 765 3237 antequam
782 3150 899 3227 veniat,
915 3162 952 3213 ut
968 3150 1106 3239 liberati
1123 3184 1144 3224 a
1160 3163 1295 3227 vinculis

121 3269 329 3343 peecatorum,
361 3256 495 3320 interriti
532 3255 729 3320 tremendum
766 3256 832 3339 ejus
869 3257 1064 3338 exspectetis
1104 3264 1294 3330 adventum.

123 3360 238 3424 Amen.
1251 3344 1254 3349 Ι

167 3467 209 3529 Et
219 3489 311 3552 quem
323 3464 443 3526 venisse
458 3464 491 3526 in
502 3462 591 3525 terris
602 3485 658 3548 pro
671 3473 772 3524 vestra
784 3461 881 3524 salute
892 3457 1031 3538 creditis,
1046 3480 1294 3559 venturumque

118 3571 259 3654 judicem
275 3566 432 3631 sustinetis
448 3565 600 3628 adventus
618 3564 665 3626 sui
682 3563 812 3648 gloriam
835 3559 977 3646 inpavidi
996 3571 1201 3636 mereamini
1225 3597 1295 3638 con-

122 3674 211 3736 tueri.
258 3672 373 3734 Amen.

168 3775 258 3855 Quod
275 3774 349 3859 ipse.
396 3771 511 3833 Amen.

166 3875 360 3940 Benedictio.
406 3874 521 3936 Arnen.

122 4095 296 4158 Benedictio
307 4097 342 4156 de
350 4093 464 4156 Sancto
475 4090 625 4152 Tuiuitoto
635 4090 808 4172 requiretur
817 4103 897 4154 retro
907 4090 940 4151 iu
950 4099 1075 4155 octavas
1081 4096 1294 4169 Pentecosten.

168 4244 373 4326 Omnipotens
397 4242 543 4316 Trinitas,
562 4261 643 4300 unus
666 4251 698 4301 et
718 4262 810 4303 verus
835 4243 929 4316 Deus,
949 4239 1042 4304 Pater
1068 4258 1104 4309 et
1128 4249 1241 4320 Filius
1265 4268 1297 4320 et

127 4342 259 4426 Spiritus
278 4343 416 4405 Sanetus.
