2866 4934
139 329 178 387 14
473 343 719 391 1011111111
736 341 954 391 uenantum.

133 498 171 561 ab
194 497 331 582 episcopo
351 498 494 560 doceancr
507 497 574 584 (vel
595 498 774 584 doceantur)
794 498 927 584 qualiter
946 497 979 559 in
1002 497 1103 582 affiu‘o
1124 521 1185 562 seeo
1212 521 1298 584 apere

132 599 237 662 deleat
250 597 317 683 (vel
331 599 480 683 deleant).
525 601 588 664 Sed
602 602 640 664 alr
658 601 871 665 archidiacono
886 599 1016 684 accipiat
1037 597 1109 683 (vel
1125 600 1298 686 accipiant)

133 701 367 787 ceroferarrium
382 725 450 764 acm
465 723 543 780 cera,
560 715 594 767 ut
608 706 683 768 sciat
700 704 767 790 (vel
782 702 894 787 sciant)
914 724 944 765 se
964 703 1006 764 ad
1026 704 1226 766 accendenda
1246 727 1296 767 ac-

133 804 227 867 clesiae
244 804 413 867 luminario
428 806 610 892 mancipari.
655 806 800 893 Accipiat
819 805 886 891 (vel
909 802 1077 890 accipiant)
1093 815 1123 868 et
1138 806 1297 870 urceolum

133 930 259 970 vamum
276 910 319 970 ad
324 907 522 993 fundendum
536 910 642 973 unum
657 910 691 972 in
706 909 906 972 Eucharistia
921 907 1057 992 corporis
1078 906 1211 972 Christi.

618 1098 804 1163 Benedictio.

179 1233 385 1321 Omnipotens
408 1234 595 1320 sempiterne
618 1235 714 1312 Deus,
740 1233 809 1297 fons
832 1233 921 1310 lucis,
946 1245 978 1296 et
1007 1232 1098 1318 origo
1126 1235 1292 1315 bonitatis,

133 1335 187 1421 qui
211 1359 266 1421 per
287 1336 310 1399 J
312 1359 398 1398 esum
424 1334 583 1398 Christum
600 1335 719 1398 Filium
740 1347 842 1412 tuum,
864 1335 970 1398 lumen
991 1355 1114 1411 verum,
1135 1338 1295 1401 mundum

133 1438 328 1514 illuminasti,
362 1439 489 1522 ejusque
522 1437 674 1502 Passionis
704 1438 853 1524 mysterio
885 1436 1064 1502 redemisti:
1104 1439 1296 1506 benedicere

133 1541 263 1626 dignare
283 1539 368 1602 hunc
388 1539 541 1602 famulum
563 1553 653 1603 tuum
677 1539 740 1626 (ael
758 1540 816 1604 hos
838 1540 970 1604 famulos
993 1539 1089 1624 tuos),
1114 1565 1213 1627 quem
1234 1544 1297 1630 (ael

133 1643 225 1729 quos)
239 1642 273 1704 in
288 1642 411 1706 accoliti
426 1641 565 1705 officium
576 1666 800 1722 consecramus,
811 1656 971 1731 poscentes
981 1655 1067 1706 tuam
1077 1643 1294 1726 clementiam,

132 1757 169 1810 ut
178 1746 244 1830 ejus
255 1756 392 1808 mentem
405 1744 525 1809 lumine
534 1745 669 1811 scientiae
680 1745 824 1825 illustres,
835 1759 867 1810 et
875 1745 999 1834 pietatis
1011 1759 1071 1809 tuae
1082 1769 1153 1810 rore
1169 1748 1294 1836 irriges,

132 1861 169 1912 ut
189 1848 232 1913 ita
255 1861 437 1935 perceptum
459 1847 679 1927 ministerium,
701 1861 732 1913 te
756 1850 941 1928 auxiliante,
966 1861 1095 1936 peragat
1114 1848 1180 1935 (vel
1206 1877 1294 1940 pera·

133 1951 236 2038 gant),
262 1950 396 2037 qualiter
416 1951 455 2015 ad
477 1961 623 2015 aeternam
644 1953 927 2017 remunerationem
943 1952 1105 2039 pervenire
1132 1969 1294 2021 mereatur

132 2054 195 2137 (uel
208 2052 410 2137 mereantur).
458 2054 526 2117 Per.

595 2218 741 2302 Sequitur
756 2216 830 2279 alia.

176 2355 312 2421 Domine
331 2354 453 2433 Sancte,
467 2356 558 2418 Pater
572 2353 787 2438 Omnipotens,
803 2365 915 2416 aeterne
932 2352 1027 2430 Deus,
1040 2352 1095 2437 qui
1109 2376 1166 2439 per
1176 2355 1200 2420 J
1200 2379 1290 2420 esum

133 2455 292 2521 Christum
310 2455 429 2520 Filium
445 2470 536 2520 tuum
552 2453 586 2517 in
601 2454 687 2518 hunc
701 2453 857 2516 mundum
873 2454 980 2517 lumen
996 2453 1145 2519 claritatis
1165 2455 1291 2536 misisti,

131 2571 163 2623 et
178 2560 210 2624 in
227 2583 318 2625 cruce
332 2557 485 2624 Passionis
495 2570 557 2622 tuae
572 2556 733 2642 triumpho
748 2555 945 2643 sanguinem,
962 2570 993 2621 et
1007 2581 1119 2642 aquam
1136 2583 1176 2622 ex
1192 2560 1290 2624 latere

131 2675 186 2728 tuo
209 2689 266 2753 pro
290 2685 405 2753 genere
428 2663 567 2726 humano
592 2660 738 2747 dignatus
763 2684 794 2724 es
815 2657 985 2738 effundere,
1007 2671 1038 2724 et
1058 2684 1114 2746 per
1134 2663 1290 2748 apostolos

131 2778 200 2830 tuos
215 2769 249 2831 in
264 2768 324 2831 hoo
344 2765 455 2831 saeculo
474 2766 582 2828 lumen
602 2762 710 2850 gratiae
729 2763 875 2849 spiritalis
898 2764 1021 2842 misisti,
1040 2764 1084 2827 ita
1103 2765 1288 2829 benedicere

131 2868 269 2953 digneris
287 2869 373 2933 hunc
388 2866 541 2929 famulum
557 2879 647 2957 tuum
662 2863 725 2950 (cel
738 2867 795 2930 hos
810 2865 942 2931 famulos
957 2867 1043 2952 tuos)
1058 2866 1107 2930 ΠΙ.
1128 2868 1163 2931 in
1183 2868 1286 2932 officio

131 2971 264 3048 accoliti,
281 2983 317 3034 ut
331 2971 371 3035 ad
389 2969 623 3032 accendendum
642 2968 791 3034 claritatis
805 2970 949 3034 aecclesiae
967 2985 1028 3035 tuae
1045 2970 1165 3049 lumen,
1190 2983 1222 3035 et
1245 2971 1286 3035 ad

131 3072 362 3158 suggerendum
377 3070 489 3135 vinum
504 3083 536 3135 et
550 3093 663 3157 aquam
678 3072 719 3135 ad
733 3073 964 3138 conficiendum
975 3073 1134 3160 sanguinis
1149 3073 1198 3138 tui
1212 3073 1285 3137 mis·

131 3175 245 3237 terium
264 3174 299 3237 in
319 3173 478 3240 offerendo
505 3173 733 3239 Eucharistiam
757 3176 870 3241 sanctis
893 3177 1041 3242 altaribus
1063 3176 1127 3239 tuis
1151 3176 1287 3240 fideliter

131 3277 343 3343 subministret
366 3278 429 3366 (ael
457 3278 717 3365 subministrent).
773 3279 933 3358 Accende,
961 3279 1108 3354 Domine,
1134 3279 1200 3362 ejus
1223 3278 1287 3361 (ael

130 3379 254 3465 eorum)
268 3395 417 3461 mentem,
434 3392 465 3445 et
480 3382 587 3446 carad
602 3381 716 3446 amoris
730 3382 779 3447 tui
794 3380 982 3446 desiderium
999 3395 1031 3447 et
1042 3380 1150 3468 gratiae
1161 3381 1285 3445 misera·

130 3482 224 3549 tionis
239 3496 300 3549 tuae
314 3486 348 3550 in
364 3511 400 3552 eo
414 3485 478 3572 (nel
491 3484 551 3572 eis)
564 3484 715 3549 virtutem
736 3483 894 3550 confirma.
941 3487 1008 3550 Per.

400 3746 458 3809 An
477 3745 743 3809 Suuumaonun
758 3759 1014 3807 ouurnnunun.

173 3915 382 3980 Subdiaconus
398 3917 469 4001 (vel
488 3913 686 3998 subdiaconi)
702 3937 770 3977 cum
792 3913 956 3977 ordinatur
971 3915 1042 3999 (vel
1064 3911 1283 3997 ordinantur),

129 4020 204 4103 quia
224 4041 334 4080 manus
349 4021 571 4105 impositionem
590 4038 651 4079 non
672 4018 782 4101 accipit
796 4014 868 4099 (vel
883 4016 1067 4102 compluat),
1078 4024 1228 4100 patenam
1249 4017 1285 4078 de

129 4142 225 4182 manu
245 4120 376 4204 episcopi
396 4121 526 4204 accipiat
542 4117 613 4201 (vel
629 4116 800 4201 accipiant)
813 4138 950 4194 vacuam,
964 4131 992 4181 et
1006 4119 1128 4182 calicem
1143 4139 1284 4179 vacuum.

130 4222 182 4284 De
202 4242 297 4281 manu
311 4243 380 4283 cera
396 4219 603 4282 archidiaconi
618 4219 748 4302 accipiat
762 4217 834 4301 (vel
851 4220 1023 4303 accipiant)
1038 4217 1192 4282 urceolum
1215 4244 1284 4282 cum

130 4321 323 4408 aquamanili
349 4346 383 4383 aa
406 4320 641 4403 manuterqium.
699 4321 893 4382 Eulilreatur
916 4320 950 4380 in
970 4331 1126 4407 conspectu
1148 4322 1284 4406 episcopi
