2866 4934
129 344 172 403 tc
468 356 711 408 ronr1r1cnnn
727 359 964 412 accaanrrrr.

128 535 251 600 quoquc
264 513 415 577 famulum
432 526 523 578 tuum
538 514 602 598 (υεί
617 515 749 581 famulos
759 516 847 601 tuos)
865 516 933 597 111,
948 542 1162 606 quaesumus,
1174 519 1302 594 Domine,

128 617 267 703 placatus
291 617 429 695 intende,
457 639 551 703 quem
578 619 641 705 (υεί
666 617 758 706 quos)
783 619 847 682 tuis
874 624 1034 689 sacrariis
1061 623 1302 691 serviturumin
1355 670 1357 685 .

129 720 267 783 officium
284 720 407 784 diaconi
423 720 605 808 suppliciter
621 723 808 787 dedicamus.
852 722 898 786 Et
913 747 978 789 nos
994 728 1143 813 quidem
1159 741 1299 813 tamquam

129 823 272 888 homines
283 823 385 887 divini
399 847 515 901 sensus,
528 836 561 887 et
575 847 697 889 summe
707 824 836 889 rationis
848 824 972 912 ignari,
986 828 1096 914 hujus
1108 831 1178 917 (υεί
1190 827 1298 912 horum)

130 927 228 991 vitam
253 939 404 1015 quantum
429 949 592 1014 possumus
615 929 812 993 animemus.
858 927 918 1005 Te,
940 942 1075 1011 autem,
1100 933 1250 1011 Domine,
1269 953 1295 994 ca

130 1054 198 1117 quae
213 1030 303 1094 nobis
317 1042 390 1094 sunt
405 1031 513 1117 ignota
534 1053 599 1093 non
614 1043 787 1109 transeunt,
803 1041 835 1093 te
850 1031 981 1096 occulta
994 1057 1068 1098 non
1084 1036 1217 1101 fallunt.
1256 1034 1293 1098 Tu

131 1134 276 1222 cognitor
290 1147 489 1215 secretorum,
506 1148 541 1199 tu
562 1148 715 1200 scrutator
734 1157 766 1198 es
783 1132 940 1212 cordium,
957 1146 999 1199 tu
1014 1137 1091 1221 ejus
1105 1135 1292 1226 (celsorum)

131 1239 229 1303 vitam
250 1238 366 1304 coelesti
387 1239 502 1325 poteris
522 1238 702 1302 examinare
719 1236 852 1321 judicio,
869 1259 934 1321 quo
955 1260 1091 1326 semper
1105 1242 1253 1328 praevalee
1267 1252 1292 1304 et

131 1343 241 1407 amissa
265 1364 408 1428 purgare,
436 1352 468 1403 et
493 1362 529 1403 ea
553 1363 621 1425 quae
645 1353 718 1405 sunt
743 1338 864 1426 agenda
886 1341 1078 1407 concedere.
1129 1342 1290 1409 Emittein

131 1467 203 1510 eum
228 1444 291 1528 (υεί
314 1442 390 1526 eos),
416 1442 562 1519 Domine,
588 1465 773 1528 quaesumus,
804 1441 959 1528 Spiritum
992 1443 1166 1527 Sanctum,
1191 1446 1289 1534 quoin

132 1567 209 1631 opus
238 1543 405 1608 ministerii
431 1543 565 1609 fideliter
591 1545 779 1632 exequendi,
806 1543 997 1631 septiformis
1029 1550 1146 1635 gratiae
1172 1572 1289 1614 munere
1355 1590 1357 1595 -

132 1648 294 1712 roboretur
308 1647 372 1734 (υεί
391 1647 607 1734 roborentur):
630 1648 792 1714 habundet
812 1647 845 1710 in
861 1670 898 1712 eo
913 1647 979 1733 (υεί
998 1648 1061 1736 eis)
1083 1653 1186 1717 totius
1200 1653 1288 1716 forma

132 1750 268 1830 virtutis,
294 1750 460 1816 auctoritas
480 1752 631 1828 modesta,
653 1752 755 1838 pudor
773 1763 926 1829 constans,
946 1751 1144 1820 innocentiae
1168 1755 1287 1844 puritas,

131 1869 162 1920 et
186 1854 331 1942 spiritalis
354 1856 528 1920 observatio
553 1853 744 1941 disciplinae:
768 1853 802 1917 in
826 1852 966 1917 moribus
988 1855 1059 1939 ejus
1080 1857 1148 1944 (υεί
1174 1855 1287 1941 eorum)

132 1969 283 2045 praecepta
312 1969 366 2021 tua
393 1958 545 2044 fulgeant,
571 1970 607 2021 ut
633 1980 694 2021 suae
724 1956 873 2022 castitatis
901 1959 1051 2044 exemplo
1083 1960 1287 2027 imitationem

132 2072 236 2124 sancte
250 2059 349 2146 plebis
364 2060 508 2148 adquirat
522 2061 585 2149 (υεί
602 2059 794 2145 adquirant),
810 2073 842 2123 et
857 2059 976 2123 bonum
992 2064 1197 2129 conscientiae
1211 2062 1287 2128 tati-

131 2164 273 2228 monium
289 2164 462 2250 praeferens,
479 2164 513 2228 in
530 2164 654 2231 Christo
669 2161 777 2226 firmus
792 2162 855 2248 (υεί
876 2161 975 2247 firmi)
999 2176 1033 2227 et
1047 2166 1172 2231 stabilis
1191 2189 1285 2255 perse

134 2280 222 2334 veret
238 2268 301 2355 (υεί
318 2270 442 2333 stabiles
461 2263 685 2355 perseverent),
702 2265 868 2354 dignisque
888 2267 1079 2334 successibus
1099 2271 1142 2335 de
1157 2269 1290 2337 infcriori

133 2373 233 2459 gradu
248 2396 303 2459 per
318 2373 452 2456 gratiam
473 2382 560 2432 tuam
576 2389 684 2454 capere
699 2369 821 2452 potiora
839 2381 995 2433 mereatur
1009 2370 1076 2457 (υεί
1091 2372 1290 2461 mereantur).

138 2476 206 2540 Per.

297 2650 378 2713 Item
393 2647 514 2713 collecta
530 2648 572 2711 ad
585 2648 824 2710 conservandum
839 2647 1018 2710 diaconatus
1034 2650 1138 2735 qffieii.

181 2784 356 2849 Commune
376 2796 498 2860 votum,
515 2783 690 2845 communis
705 2784 804 2847 oratio
819 2795 1032 2870 prosequatur,
1049 2798 1083 2849 et
1103 2787 1160 2854 hic
1174 2790 1239 2878 (υεί
1251 2786 1296 2872 hi)

136 2886 233 2950 totius
248 2884 389 2947 aecclesiae
400 2906 501 2970 prece,
514 2883 568 2968 qui
581 2883 614 2946 in
626 2883 807 2950 diaconatus
817 2886 911 2950 officii
922 2886 1100 2952 ministerio
1115 2906 1298 2981 preparatur

136 2987 199 3073 (υεί
218 2986 446 3072 preparantur),
461 2985 595 3050 leviticas
614 2987 840 3053 benedictionis
861 2989 970 3053 ordine
990 2989 1144 3058 clarescat
1158 2996 1224 3083 (υεί
1243 2998 1299 3062 cla·

136 3090 283 3176 rescant),
308 3102 339 3153 et
365 3089 496 3175 spiritali
523 3092 755 3157 conversatione
781 3094 971 3181 prefulgens,
996 3095 1101 3180 gratia
1126 3101 1301 3168 sanctifica·

138 3193 234 3259 tionis
248 3193 367 3258 eluceat
381 3193 444 3277 (υεί
458 3193 625 3280 eluceant).
672 3196 739 3260 Per.

554 3367 698 3452 Sequitur
714 3370 883 3433 benedictio.

184 3502 320 3568 Domine
341 3514 456 3580 sancte,
480 3501 557 3589 spei,
578 3502 663 3581 fidei,
685 3502 803 3590 gratiae,
825 3515 857 3566 et
882 3503 1304 3591 profectuummunerator,

140 3609 195 3697 qui
215 3609 248 3671 in
264 3607 439 3670 coelestibus
458 3619 490 3671 et
505 3606 634 3670 terrenis
649 3606 832 3692 angelorum
854 3605 1034 3670 ministeriis
1056 3607 1179 3695 ubique
1201 3615 1306 3703 dispo-

139 3712 206 3778 sitis
220 3734 276 3798 per
291 3709 397 3773 omnia
419 3710 573 3773 elementa
587 3707 759 3772 voluntatis
774 3720 835 3772 tuae
850 3708 1002 3773 diffundis
1017 3708 1169 3776 effectum
1184 3741 1193 3779 ε
1216 3717 1306 3783 hunc

139 3816 202 3902 (υεί
221 3814 295 3900 hos)
318 3836 442 3901 quoque
463 3813 617 3877 famulum
641 3824 732 3876 tuum
754 3811 817 3898 (υεί
836 3810 968 3876 famulos
988 3812 1074 3898 tuos)
1098 3813 1149 3878 Ill.
1172 3821 1306 3905 speciali

138 3919 291 3984 illustrare
312 3917 451 4003 digneris
471 3917 596 3995 affectu,
618 3929 654 3981 ut
675 3915 737 3980 tuis
760 3915 914 4001 obsequiis
935 3916 1101 4003 expeditus
1120 3916 1187 4003 (υεί
1207 3945 1307 4010 expe-

140 4021 226 4106 diti),
242 4020 355 4085 sanctis
370 4019 518 4084 altaribus
538 4021 681 4085 minister
700 4033 773 4084 tuus
795 4041 891 4105 purus
908 4018 1063 4083 adcrescat
1077 4019 1142 4105 (υεί
1161 4024 1306 4091 ministri

138 4121 186 4182 tui
209 4124 281 4207 puri
303 4121 507 4204 adcrescant),
532 4133 564 4184 et
587 4121 786 4209 indulgentia
801 4121 918 4208 purior,
943 4145 1051 4185 eorum
1078 4123 1192 4208 gradu,
1221 4152 1304 4214 quos

141 4222 271 4305 apostoli
286 4222 333 4284 tui
349 4221 382 4283 in
398 4220 571 4307 septenario
586 4244 727 4300 numero,
743 4224 834 4287 beato
849 4223 1007 4308 Stephano
1023 4223 1102 4287 duce
1117 4247 1154 4288 ac
1168 4231 1304 4312 praevio,

145 4323 258 4387 Sancto
277 4323 396 4408 Spiritu
415 4335 552 4400 auctore,
569 4323 741 4409 elegerunt,
759 4326 874 4396 dignus
895 4325 1008 4389 existat
1025 4326 1088 4412 (υεί
1108 4327 1202 4413 digni
1218 4335 1312 4403 exis.¹
