2866 4934
424 289 726 424 ,f‘liourrrrcnnr
741 340 961 390 mannaan.

212 632 308 727 lteru-
308 656 328 693 a
326 577 423 733 {idua
438 653 475 694 ea·
490 633 532 696 eia
546 634 628 696 dicut
642 633 723 698 lone
737 638 905 700 mationem
919 659 1017 722 super
1033 638 1256 728 Eptaccpum.

175 748 270 896 ,Dedi
272 733 439 877 bdnouun
456 804 609 882 omnium,
628 804 713 868 Deus
728 808 871 872 omnium
887 806 1106 894 dignitatum,
1124 837 1194 899 que
1215 815 1313 902 gloriae

142 881 307 1015 tuiasacris
324 906 513 970 famulantur
527 908 698 984 ordinibus,
717 909 802 974 Deus
817 935 901 997 qmr
861 911 1022 996 Moysen
1039 913 1213 982 famulum
1230 933 1311 983 tuum

114 990 248 1110 :sperati
262 1011 419 1075 familiaris
431 1010 575 1090 affectu,
567 1027 648 1078 mter
657 1026 760 1078 cetera
769 1015 899 1080 coelestis
910 1014 1110 1084 documenta
1120 1022 1270 1102 cultura,
1279 1024 1312 1087 de

107 1093 250 1179 liabitu
273 1139 396 1201 quoque
417 1114 595 1180 indumenti
615 1115 840 1182 sacerdotalis
832 1118 998 1182 mstituens
1020 1120 1171 1188 electum
1195 1127 1310 1204 Aaron,

111 1210 264 1285 mistico
278 1220 395 1286 amictu
411 1219 517 1285 vestiri
536 1219 618 1285 inter
638 1243 721 1285 sacra
739 1221 870 1305 jussisti,
885 1234 922 1285 ut
939 1221 1174 1310 intelligentiae
1190 1253 1310 1295 sensum

141 1325 179 1390 de
194 1325 346 1412 exemplis
366 1325 505 1412 priorum
520 1337 644 1410 caperet
658 1337 801 1388 secutura
820 1324 995 1411 posteritas,
1011 1348 1055 1391 ne
1079 1331 1231 1396 eruditio
1247 1335 1311 1398 doc·

140 1429 230 1492 trinae
245 1443 305 1492 tuae
320 1429 377 1490 ulli
392 1428 510 1491 deesset
525 1427 620 1504 retati,
636 1451 708 1491 cum
724 1439 756 1491 et
770 1428 854 1513 apud
869 1440 989 1492 veteres
1008 1434 1236 1498 reverentiam
1252 1437 1311 1523 ipsa

142 1530 406 1617 significationum
423 1531 539 1616 speeies
554 1531 720 1608 obtineret,
732 1545 764 1595 ct
779 1531 863 1618 apud
874 1554 931 1595 nos
942 1530 1077 1596 certiora
1092 1551 1207 1602 essent
1223 1563 1311 1626 expe·

144 1633 275 1696 rimenta
290 1656 407 1711 rerum,
429 1657 523 1718 quam
539 1633 698 1720 enigmata
713 1634 895 1721 figurarum.
940 1632 1030 1697 Illius
1051 1659 1201 1724 namque
1218 1665 1311 1707 sacer·

143 1736 221 1800 dotii
237 1737 399 1800 anterioris
414 1737 517 1801 cultus
543 1737 582 1800 ad
607 1737 721 1801 mentis
744 1751 855 1801 nostrae
878 1736 1022 1802 habitum
1043 1755 1182 1807 ornatus
1208 1759 1268 1825 est,
1283 1759 1312 1810 et

143 1840 353 1928 pontificalem
369 1840 502 1927 gloriam
526 1864 590 1904 non
610 1841 678 1924 jam
702 1841 792 1905 nobis
811 1841 912 1905 honor
936 1842 1144 1908 commendat
1159 1849 1311 1926 vestium,

143 1945 195 2007 sed
212 1944 357 2030 splendor
372 1943 562 2020 animarum;
586 1942 660 2029 quia
675 1957 706 2007 et
721 1943 775 2008 illa
795 1967 864 2030 quae
878 1956 955 2008 tunc
969 1944 1152 2011 carnalibus
1168 1949 1311 2016 blandie-

143 2048 257 2111 bantur
272 2047 444 2124 obtutibus,
461 2071 497 2110 ea
512 2045 617 2133 potius
642 2070 710 2132 quae
734 2047 766 2109 in
783 2046 856 2133 ipsis
870 2059 960 2111 erant
973 2046 1190 2134 intelligenda
1205 2077 1311 2140 posce·

144 2152 228 2215 bant.
278 2151 319 2215 Et
334 2150 451 2216 idcirco
466 2151 542 2215 huic
558 2149 676 2214 famulo
690 2163 746 2213 tuo
763 2150 824 2228 Ill,
840 2174 933 2236 quem
949 2148 989 2213 ad
1004 2151 1123 2214 summi
1139 2158 1312 2223 sacerdotii

144 2255 352 2321 ministerium
368 2257 501 2343 elegisti,
517 2256 610 2333 hanc,
632 2277 816 2339 quaesumus,
835 2253 982 2330 Domine,
998 2251 1135 2340 gratiam
1152 2257 1312 2346 largiaris,

144 2372 181 2423 ut
195 2360 345 2447 quiequid
360 2359 414 2423 illa
430 2359 585 2422 velamina
602 2356 769 2443 infulgere
784 2358 863 2436 auri,
879 2358 913 2420 in
925 2357 1027 2421 nitore
1041 2379 1262 2444 gemmarum,
1279 2366 1312 2429 in

146 2463 325 2527 multimodi
350 2463 450 2549 operis
470 2462 621 2526 varietate
644 2458 821 2544 signabant,
842 2460 903 2525 hoc
917 2460 951 2524 in
973 2459 1040 2544 ejus
1063 2461 1211 2529 moribus
1235 2469 1313 2532 aeti·

143 2567 261 2652 busque
276 2567 436 2631 clarescat:
459 2565 581 2653 comple
596 2564 629 2627 in
649 2561 806 2626 sacerdote
821 2576 876 2628 tuo
891 2561 1055 2627 ministerii
1070 2564 1119 2626 tui
1136 2588 1313 2650 summam,

144 2682 176 2733 et
194 2671 383 2735 ornamentis
403 2671 499 2734 totius
520 2665 756 2756 glorificationis
779 2667 966 2732 instructum
991 2688 1064 2729 eum
1089 2668 1228 2735 coelestis
1252 2698 1312 2738 un-

145 2773 255 2857 guenti
278 2772 354 2836 flore
375 2771 531 2836 sanctifica
555 2774 606 2853 ᾧ,
634 2769 706 2846 hoc,
735 2769 881 2850 Domine,
903 2770 1025 2857 copiose
1048 2768 1084 2831 in
1109 2771 1179 2855 ejus
1205 2779 1313 2864 capud

147 2873 260 2937 influat
271 2877 322 2956 ἧι,
346 2875 455 2938 hocin
470 2874 532 2937 oris
546 2874 684 2957 subjecta
701 2872 844 2939 decurrat
855 2878 907 2957 *lt
930 2873 990 2936 hoc
1005 2873 1039 2936 in
1053 2872 1313 2965 totius'oorporis

146 2990 286 3040 extrema
301 2976 477 3053 descendat,
493 2989 530 3039 ut
550 2977 598 3039 tui
616 2975 751 3062 Spiritus
766 2977 866 3042 virtus
881 2990 913 3042 et
927 2975 1075 3040 interiora
1090 2976 1159 3060 ejus
1174 2983 1311 3067 repleat,

147 3091 179 3142 et
205 3078 357 3141 exteriora
377 3079 600 3165 circumtegat:
622 3076 761 3142 abundet
775 3078 809 3142 in
828 3103 864 3144 eo
889 3078 1062 3145 constantia
1082 3077 1169 3159 fidei,
1185 3086 1313 3168 puritas

148 3181 335 3260 dilectionis,
346 3182 504 3246 sinceritas
514 3184 613 3268 pacis:
635 3182 697 3246 sint
706 3182 836 3267 speciosi
846 3184 941 3271 pedes
955 3184 1021 3268 ejus
1036 3182 1076 3246 ad
1087 3187 1313 3272 evangelizan-

148 3286 223 3350 dum
254 3285 385 3348 verbum
412 3297 514 3363 tuum,
541 3310 605 3350 non
636 3286 668 3348 in
694 3288 952 3371 persuadibilibus
980 3287 1118 3350 humane
1147 3289 1313 3375 sapientiae

148 3388 261 3465 verbis,
286 3390 340 3452 sed
365 3389 400 3452 in
426 3389 600 3454 ostensione
626 3388 753 3476 spiritus
778 3401 810 3452 et
836 3391 971 3455 virtutis.
1016 3389 1065 3453 Da
1089 3389 1129 3468 ei,
1156 3390 1311 3477 Domine,

148 3495 249 3559 claves
263 3493 353 3581 regni
373 3493 532 3571 coelorum,
553 3505 590 3558 ut
605 3493 824 3580 quodcumque
846 3495 992 3580 ligaverit
1015 3516 1108 3580 super
1122 3506 1250 3576 terram,
1268 3501 1312 3566 sit

147 3599 280 3686 ligatum
304 3612 337 3662 et
362 3597 396 3660 in
420 3597 514 3675 eoelis,
539 3611 571 3662 et
595 3597 813 3683 quodcumque
839 3597 966 3661 solverit
995 3619 1086 3682 super
1115 3609 1243 3679 terram,
1268 3605 1312 3669 sit

147 3703 284 3767 solutum
308 3702 342 3765 in
362 3701 456 3779 eoelis,
474 3713 505 3765 et
519 3725 652 3787 quorum
677 3697 848 3762 detinuerit
867 3712 1002 3785 pecc-ata,
1019 3699 1145 3764 detenta
1160 3701 1235 3782 sint,
1260 3718 1309 3788 tu,

148 3804 294 3883 Domine,
308 3804 466 3869 dimittere
481 3804 634 3891 digneris:
658 3802 697 3866 da
713 3801 742 3865 ei
756 3801 970 3867 humilitatem
985 3825 1103 3881 veram,
1119 3804 1309 3889 patientiam

146 3908 325 3995 perfectam,
342 3922 378 3972 ut
401 3931 465 3972 non
488 3909 571 3972 dicat
595 3909 714 3972 bonum
735 3903 865 3982 malum,
881 3929 940 3970 nec
959 3906 1076 3969 malum
1093 3907 1224 3988 bonum,
1248 3935 1311 3980 nec

145 4023 242 4096 ponat
271 4008 373 4073 lucem
399 4010 434 4073 in
463 4011 616 4088 tenebras,
648 4033 706 4074 nee
732 4008 873 4073 tenebras
902 4010 936 4072 in
965 4010 1092 4073 lucem:
1127 4011 1247 4078 tribuas
1278 4020 1310 4084 ei

147 4110 325 4174 cathedram
350 4112 555 4197 episcopalem
576 4113 616 4175 ad
636 4111 807 4197 regendam
825 4111 996 4175 Ecclesiam
1012 4125 1110 4190 tuam,
1130 4125 1162 4176 et
1180 4115 1309 4200 plebem

146 4212 338 4274 universam:
361 4214 442 4277 sisei
453 4213 629 4290 auctoritas,
642 4215 683 4277 sis
694 4224 839 4299 potestas,
852 4213 892 4276 sis
903 4215 933 4277 ei
944 4214 1090 4277 firmitas:
1114 4216 1310 4303 multiplices

148 4335 238 4398 super
256 4333 308 4373 eos
325 4312 388 4393 (vel
402 4315 491 4398 eum)
512 4315 763 4379 benedictionem
785 4327 817 4377 et
840 4317 972 4398 gratiam
996 4329 1094 4393 tuam,
1111 4329 1147 4380 ut
1169 4320 1209 4382 ad
1231 4346 1309 4387 exo-
