2866 4934
134 339 176 399 ³8
492 349 976 400 ronrrarcannscaaaaarr.

176 508 259 572 Item
279 507 424 593 pontchc
453 509 548 572 vadat
576 509 613 572 de
641 509 710 594 ipso
739 507 838 572 altare
865 510 1056 594 apargmdo
1081 532 1152 596 per
1176 511 1293 575 mediam

132 611 259 676 ommia
273 611 307 674 in
323 610 446 696 huyum
461 623 489 675 et
503 613 538 711 iga
554 611 1293 701 htum,similiterm›1⁴cemfaereadoaivcptr

133 736 253 778 oannem
262 715 476 801 pavimentum
491 717 528 780 de
542 716 613 802 epea
627 739 719 801 aqua.

176 817 253 882 Ant.
277 817 497 882 Fundamenta
510 818 622 906 templi
635 819 731 903 hujus
750 815 908 905 sapientias
930 839 998 882 suae
1024 819 1187 887 fundavit
1211 822 1290 897 Deua,

131 925 165 984 in
180 944 242 1008 quo
258 920 397 985 Domino
410 921 481 984 coeli
495 921 685 986 conlaudant
699 921 815 1009 angeli,
831 920 874 985 sic
888 934 986 984 ruant
1001 923 1114 1003 venti,
1143 938 1178 990 et
1196 925 1290 1014 pluant

131 1021 274 1104 flumina,
298 1048 362 1089 non
388 1037 517 1113 possunt
551 1047 587 1089 ea
610 1048 736 1089 movere
759 1046 919 1111 umquam,
945 1022 1091 1091 mndata
1122 1028 1211 1094 enim
1237 1038 1290 1093 crat

133 1151 224 1217 supra
238 1142 368 1217 petram.

174 1235 268 1312 Imm,
284 1233 462 1298 Flectamus
477 1254 589 1318 genua.

175 1337 260 1400 Deus
274 1333 556 1400 sanctificationum
572 1332 779 1419 Omnipotens
794 1332 984 1411 dominator,
1000 1336 1100 1420 cujus
1109 1338 1215 1426 pietas
1234 1337 1288 1403 dne

130 1438 195 1503 line
217 1439 365 1504 sentitur:
394 1437 480 1499 Deus
502 1435 558 1520 qui
583 1435 718 1499 coelestia
741 1436 835 1500 simul
860 1448 891 1500 et
913 1447 1040 1503 terrena
1067 1441 1288 1530 complecteris,

131 1564 254 1605 servans
263 1537 506 1603 misericordiam
517 1549 604 1601 tuam
614 1537 732 1622 populo
742 1549 797 1601 tuo
807 1537 981 1602 ambulanti
995 1551 1075 1605 ante
1093 1556 1288 1631 conspectum

129 1643 237 1730 gloriae
250 1656 322 1720 tuae,
338 1639 454 1705 exaudi
467 1662 572 1727 preces
586 1661 745 1729 servorum
760 1652 898 1717 tuorum,
908 1652 944 1704 ut
953 1640 1018 1706 sint
1033 1645 1126 1709 oculi
1140 1647 1192 1710 tui
1200 1644 1289 1734 aperti
1363 1568 1367 1713 l

131 1770 223 1834 super
248 1747 378 1811 domum
404 1743 495 1808 istam
522 1743 574 1807 die
596 1755 752 1806 aonocte:
773 1741 917 1828 hancque
938 1742 1105 1810 basilicam
1127 1749 1288 1815 inhonore

131 1851 230 1915 sancti
244 1850 292 1914 tui
308 1849 362 1925 N,
389 1847 480 1910 sacris
505 1845 661 1931 mysteriis
687 1845 875 1924 institutam,
902 1846 1151 1916 clementissime
1175 1851 1288 1928 dedica,

130 1952 292 2017 miserator
306 1951 437 2026 illustra,
452 1949 579 2035 proprio
593 1948 755 2035 splendore
767 1947 912 2027 clarifica,
921 1972 1116 2038 omnemque
1131 1954 1288 2020 hominem

132 2054 312 2119 venientem
328 2051 455 2116 adorare
470 2051 504 2114 in
518 2051 579 2116 boc
593 2052 662 2116 loco
677 2053 817 2138 placatus
831 2051 975 2131 admitte,
990 2055 1152 2142 propitius
1162 2058 1288 2147 digmte

130 2158 293 2247 respicere,
309 2170 340 2222 et
355 2167 481 2244 propter
495 2178 610 2219 nomen
625 2168 716 2219 tuum
731 2177 895 2241 magnum,
910 2167 943 2218 et
960 2178 1094 2221 manum
1110 2158 1240 2238 fortem,
1260 2171 1289 2224 et

130 2262 293 2327 brachium
308 2261 478 2336 excelsum,
494 2259 527 2322 in
537 2258 597 2322 hoc
611 2257 790 2321 habitaculo
804 2256 1014 2343 supplicantes
1029 2258 1135 2324 labens
1149 2274 1290 2349 protege,

130 2365 297 2453 dignanter
311 2363 438 2441 exaudi,
460 2374 573 2425 aeterna
594 2359 771 2424 defensione
796 2382 957 2440 conserva,
982 2373 1020 2425 nt
1042 2384 1170 2450 semper
1190 2363 1292 2429 felices

131 2489 313 2554 semperque
328 2465 362 2528 in
377 2477 432 2529 tua
445 2463 599 2551 religione
618 2463 767 2540 laetantes,
784 2475 961 2529 constanter
984 2463 1020 2528 in
1046 2479 1164 2532 sanctae
1188 2466 1291 2532 Trini-

131 2571 204 2636 tatis
218 2569 281 2635 fide
297 2569 459 2635 Catholica
473 2579 679 2656 perseverent.
726 2566 794 2631 Per.

175 2677 253 2742 Aac.
277 2674 427 2754 Benedic,
443 2672 590 2749 Domine,
616 2672 746 2736 domum
768 2669 872 2748 istam,
886 2693 982 2756 quam
995 2669 1153 2736 edificari
1167 2673 1291 2739 nomini

131 2791 199 2859 tuo,
215 2793 247 2844 et
261 2777 422 2843 venientes
435 2779 469 2842 in
484 2777 552 2842 loco
568 2776 642 2841 isto:
658 2775 773 2839 exaudi
787 2797 892 2863 preces
906 2774 941 2838 in
955 2773 1080 2838 excelso
1093 2774 1176 2840 solio
1182 2776 1293 2866 gloriae

134 2893 205 2945 tuae.

176 2984 253 3049 Ant.
278 2982 399 3046 Domus
413 3005 482 3046 mea
498 2981 608 3045 domus
628 2980 776 3045 orationis
792 2980 965 3045 vocabitur.
1009 2977 1158 3046 Narrabo
1172 3003 1290 3047 nomen

133 3098 234 3150 tuum.

176 3188 299 3251 Deinde
313 3183 432 3248 venam
447 3187 481 3248 in
496 3186 594 3249 medio
610 3186 737 3250 ecclesie
750 3186 846 3250 dicit:
863 3184 1003 3250 Oremua.

175 3289 337 3354 Diaconus
361 3287 450 3352 dicit:
483 3289 660 3353 Flectamus
683 3312 810 3374 genua:
843 3288 890 3352 Et
907 3298 979 3375 post
995 3286 1166 3373 paululum
1193 3291 1289 3355 dicit:

135 3391 262 3458 Levate.
305 3393 352 3458 Et
366 3390 418 3455 ita
433 3394 508 3458 dicit
522 3393 692 3458 mationem
706 3392 794 3456 lanc.
951 3445 957 3455 ,

175 3497 272 3577 Deus,
288 3497 343 3586 qui
358 3496 425 3561 loca
439 3497 561 3562 nomini
576 3511 632 3563 tuo
647 3496 749 3560 dicata
765 3492 948 3571 sanctificas,
964 3490 1092 3558 effunde
1102 3494 1290 3581 superbanc

132 3603 278 3668 orationis
294 3603 423 3667 domum
438 3604 571 3689 gratiam
586 3615 685 3677 tuam,
701 3611 738 3662 ut
752 3599 792 3663 ab
806 3596 951 3661 omnibus
961 3595 1014 3659 hic
1023 3593 1247 3663 invocantibus
1257 3610 1291 3663 te

132 3706 285 3770 auxilium
301 3719 363 3771 tuae
376 3705 593 3769 misericordie
608 3702 768 3768 sentiatur.
813 3700 883 3763 Per.

463 3959 603 4045 Prefatio
625 3962 659 4023 in
681 3956 780 4020 aredio
803 3950 940 4016 oecckaie.

179 4126 308 4188 Sursum
323 4124 425 4187 corda.

178 4224 339 4287 Habemus
354 4224 393 4287 ad
411 4222 606 4287 Dominium.

179 4322 300 4387 Gratias
315 4347 443 4407 agamus
459 4323 597 4388 Domino
612 4325 680 4389 Deo
695 4334 810 4386 nostru.
